2509 3028
274 66 329 104 ³2
902 55 1045 98 cAn.
1097 50 1666 125 oneramur-‚Lea
1831 66 1854 80 ·-

277 191 331 219 ea
386 174 622 218 literarum
682 172 831 232 figura
883 174 1115 233 discedere
1159 174 1363 229 videtur,
1423 172 1588 232 quibus
1630 169 1933 223 Athenienses·
1954 170 2167 233 Philippi
2200 178 2260 220 'et

274 253 521 305 Alexandri
547 253 837 311 temporibus
866 254 1144 297 utebantur.
1187 251 1421 296 Notabiles
1441 258 1556 295 sunt
1569 251 1799 312 inprimis
1811 250 2020 296 formae
2015 248 2264 311 literam*

273 302 560 402 ΙΘΞ
594 313 686 404 ξ,
733 348 864 391 quas
874 334 948 376 hie
979 333 1327 390 proposuimus,
1366 347 1491 376 oum
1500 332 1568 376 in
1563 332 1779 375 adiecta
1786 331 1949 375 tabula
1994 331 2264 391 typothetae

274 415 534 472 vulgaribus
562 374 708 474 literis
741 412 957 455 utendum
989 417 1118 454 esset.
1183 410 1323 467 Quod
1350 410 1561 470 pluribus
1587 410 1703 468 loeis
1721 409 2028 471 diphthongus
2056 429 2086 473 ’ῃ
2116 411 2259 459 literis
2307 433 2311 436 ·

274 494 343 542 El
376 480 656 551 significatur
688 492 794 548 (l.3.
825 490 1337 540 ΣΤΝΤΕΛΕΣΘΕΙ·
1378 491 1911 547 25·<HAPAAABF31.
1972 493 2262 545 47:11-'1'92-‘2

274 574 588 622 ΜΑΤΙΣΕῙ.
652 577 726 622 84-
761 571 876 617 ΤΕΙ
900 571 1315 625 -AIOIKHEED,
1347 572 1659 629 antiquitatem
1692 569 1784 612 olet
1816 583 1910 613 non
1941 571 2082 615 nimio
2111 572 2261 616 inter-f

274 653 391 698 vallo
426 653 668 694 distantem
695 648 754 691 ab
788 646 1007 692 archonte
1036 649 1248 703 Euclide,
1295 665 1385 706 quo
1418 635 1661 697 H⁷.literae
1691 663 1800 692 usus
1843 648 2053 713 Primum¹
2076 651 2136 694 ad
2165 656 2258 709 pu-

271 732 390 775 bliea
438 729 749 772 monimenta
766 728 1133 771 adhibebatur..
1188 719 1495 772 Nihilominus
1538 724 1721 771 eadem
1749 728 1961 786 antiquae
1989 729 2263 787 'scripturae

273 811 419 853 forma
452 809 589 850 etiam
612 807 674 849 in
704 807 1033 850 recentioribus
1064 807 1203 849 titulis
1235 807 1464 849 interdum
1495 807 1723 865 reperitur
1746 805 1822 865 18).

417 888 603 931 Titulus
629 878 876 944 στοιχηδόν
906 887 1101 944 scriptus
1127 892 1218 941 est,
1265 887 1351 929 nisi
1390 887 1512 944 quod
1554 900 1711 932 versus
1748 887 1951 945 primus,
2004 887 2260 945 trigesimus

273 970 454 1027 quintus
487 982 590 1008 eum
624 972 777 1020 sexto,
824 965 1017 1022 denique
1050 967 1322 1009 centesimus
1355 966 1557 1009 decimus
1588 981 1734 1009 nonus
1768 966 2013 1010 maioribus
2032 966 2180 1010 literis
2213 974 2260 1009 et

273 1048 423 1090 ultimi
475 1045 727 1087 minoribus
782 1045 955 1086 exarati
1008 1051 1138 1098 sunt,
1196 1051 1241 1086 et
1285 1046 1408 1103 quod
1453 1046 1499 1087 in
1551 1045 1754 1091 versibus
1802 1052 1864 1095 80
1896 1053 1941 1089 et
1986 1053 2060 1097 81.
2120 1045 2257 1092 verba

275 1124 618 1176 ENAAAAE
671 1123 865 1171 HAPA
914 1124 1239 1167 diductioribus
1270 1123 1504 1166 elementis
1528 1117 1695 1181 scripta
1725 1132 1846 1190 suntt
1904 1125 2111 1180 Literae,
2144 1139 2269 1185 quae>

274 1221 315 1251 v.
342 1207 402 1256 61
426 1213 472 1248 et
500 1211 606 1253 103.
639 1203 790 1245 ordini
810 1203 1121 1260 suprapositae
1151 1209 1278 1256 sunt,
1319 1203 1367 1244 in
1396 1203 1496 1259 ipso
1529 1216 1758 1244 marmore
1795 1217 1851 1245 eo
1876 1202 1977 1246 loeo
2005 1211 2162 1247 extant
2184 1201 2259 1260 ¹9).

274 1284 596 1343 Unusquisque
629 1273 782 1326 versus
820 1280 972 1324 literas
1007 1281 1209 1324 eontinet
1234 1279 1413 1337 LXXI,
1464 1281 1660 1345 exceptis
1696 1281 1750 1325 iis
1799 1297 1909 1341 quos
1946 1283 2038 1327 dixi
2050 1298 2062 1340 ;
2104 1297 2259 1330 versus

274 1372 576 1407 numerantur
608 1362 794 1402 CXXV.

428 1442 728 1485 Grammatici
767 1442 812 1482 in
858 1441 945 1483 hoo
990 1439 1122 1482 titulo
1162 1440 1388 1483 notabunt
1423 1441 1599 1496 saepius
1633 1440 1853 1495 syllabam
1896 1441 2092 1497 primam
2135 1442 2262 1485 verbi

275 1514 454 1578 δεῖται,
506 1519 585 1564 ubi
629 1518 753 1563 nulla
796 1518 1105 1563 contractione
1151 1525 1362 1578 augetur,
1408 1518 1678 1578 productam
1720 1535 1830 1564 esse.
1907 1519 2096 1578 Legitur
2138 1518 2259 1565 enim

274 1587 770 1653 v.43.AE1HTAI‚
819 1614 861 1661 ν,
886 1604 961 1650 58.
995 1599 1474 1667 ΠΡοΣΔΕιΗΤΑι
1525 1604 1572 1641 et
1609 1592 2156 1650 v.50.AE1·oMENH
2209 1606 2262 1645 ut

275 1682 467 1728 videtur.
533 1680 673 1739 Cuius
699 1680 1007 1740 productionis
1040 1680 1246 1736 aequalia
1277 1679 1486 1735 exempla
1517 1692 1610 1720 non
1640 1679 1747 1723 novi
1779 1679 1862 1721 nisi
1896 1680 2260 1738 ΚΕΙΩΝΤΑῘ,

276 1762 326 1805 in
358 1760 490 1804 titulo
519 1756 668 1802 Attico
698 1758 890 1813 lectum,
928 1760 1004 1817 qui
1033 1760 1152 1801 inter
1185 1757 1369 1815 Olymp.
1398 1757 1436 1800 C
1468 1764 1514 1800 et
1549 1754 1689 1799 CXV.
1736 1759 1927 1815 scriptus
1958 1769 2025 1804 est
2053 1762 2131 1821 20).

323 1958 391 2011 18)
421 1957 601 1998 Maxime
631 1958 675 1998 in
704 1956 991 1997 terminatione
1017 1953 1268 1993 coniunctivi
1299 1954 1376 1992 hoc
1404 1952 1459 1993 EI
1486 1953 1554 1993 diu
1587 1954 1845 2007 perdurasse,
1873 1956 2013 1997 mullis
2038 1958 2139 1997 locis
2165 1974 2258 1999 mo-

419 2029 512 2067 nuit
550 2027 787 2066 Boeckhius
827 2027 869 2064 in
906 2024 1028 2076 Corp.
1066 2022 1194 2061 Inscr.
1221 2022 1366 2063 Graec.
1407 2022 1465 2061 V.
1493 2023 1543 2060 Τ.
1562 2022 1616 2061 11.
1652 2037 1693 2077 p.
1708 2028 1801 2070 369.
1827 2028 1919 2071 629.
1945 2046 1996 2055 —
2049 2027 2106 2066 V'.
2135 2030 2258 2072 etiam

356 2092 361 2098 ’
420 2110 596 2136 marmor
634 2096 796 2135 Parium
831 2094 936 2148 apud
974 2092 1189 2133 Thierscb.
1222 2091 1314 2132 Act.
1341 2089 1468 2132 Acad.
1495 2093 1652 2135 Monac.
1694 2094 1843 2147 philol.
1878 2103 1917 2134 et
1954 2096 2110 2148 philos.
2152 2097 2204 2137 T.
2222 2097 2259 2138 I.

416 2179 460 2218 p.
488 2170 580 2209 603·

320 2235 390 2287 19)
417 2232 540 2274 Addo
569 2234 692 2273 etiam
722 2235 799 2272 hoc
826 2247 879 2272 ex
909 2232 1041 2271 literis
1070 2232 1125 2272 V.
1152 2230 1214 2271 (Β.
1241 2230 1403 2280 Rossii‚
1431 2230 1688 2272 latitudinem
1713 2234 1870 2274 tabulae
1900 2247 2146 2277 marmoreae
2169 2250 2258 2278 esse

417 2312 457 2353 ο,
476 2308 529 2351 94
556 2308 675 2343 meu-4
692 2302 822 2351 Gall„
848 2302 1143 2353 longitudinem
1170 2302 1258 2342 eius
1285 2299 1422 2350 frasu,
1449 2301 1555 2356 quod
1581 2302 1785 2353 integrum
1810 2313 2013 2344 servatum
2037 2291 2112 2354 est,
2140 2315 2176 2356 1,
2190 2311 2259 2353 84.

320 2373 388 2426 20)
416 2373 536 2427 Corp.
569 2372 697 2413 Inscr.
737 2371 876 2411 Graec.
917 2386 957 2413 n.
986 2379 1106 2416 102.x
1139 2370 1276 2425 Neque
1317 2372 1394 2410 hoc
1422 2378 1575 2412 ttamen
1617 2372 1731 2413 illius
1774 2374 1896 2429 plane
1937 2376 2143 2427 geminum
2180 2384 2259 2418 est.

420 2443 677 2483 Frenzius
719 2442 956 2497 quibusdam
989 2444 1107 2481 rebus
1148 2441 1327 2481 offensus
1355 2448 1436 2489 est,
1476 2456 1576 2496 quae
1603 2458 1731 2490 nune,
1765 2447 1929 2496 cognito
1959 2447 2130 2486 meliore
2156 2460 2259 2500 apo-

423 2513 597 2564 grapho,
637 2520 904 2560 evanescunt,
934 2519 976 2551 ut
1002 2509 1357 2550 ΕΡΓΑΣΜΕΝΑ
1382 2519 1423 2551 el
1459 2507 1714 2566 α’περγάζων.
1782 2513 1905 2567 Quod
1938 2522 2071 2554 autem
2110 2516 2260 2566 legitur

420 2594 462 2619 v.
489 2585 555 2624 74.
589 2577 897 2635 χρειαζόμενα,’
924 2580 964 2619 id
992 2576 1014 2618 a
1041 2579 1156 2635 χρείᾳ
1191 2580 1241 2618 ad
1267 2581 1493 2631 analogiam
1520 2584 1736 2622 verborum
1766 2583 1973 2636 βιάζομαι
1999 2590 2038 2622 et
2062 2583 2260 2636 ἐνδοιάζω

420 2655 461 2688 et
497 2650 700 2689 similium
733 2653 954 2690 multorum
983 2647 1203 2687 formatum
1237 2656 1312 2688 est.
1367 2649 1446 2689 Sed
1473 2649 1667 2690 Franzius
1710 2652 1953 2705 hacpropter
1992 2653 2153 2694 titulum
2180 2667 2259 2693 no-

417 2726 546 2758 strum
573 2720 616 2759 in
643 2728 812 2759 aetatem
838 2718 1048 2772 Philippi,
1083 2717 1360 2758 Romanorum
1387 2718 1533 2767 hostis,
1570 2721 1738 2768 relicere
1768 2722 1912 2761 voluit.
