2509 3028
270 125 342 166 DE
379 121 719 164 MUNIMENTIS
760 119 1115 162 ATHENARUM
1152 118 1533 186 QUAESDONES
1570 119 1919 172 HISTORICAE,
1958 123 2074 164 ETC.
2140 134 2189 170 15

217 248 347 304 parte
388 257 417 287 a
451 240 661 287 terminis
684 240 1047 299 ·ichnographiae
1084 224 1337 283 Leakianae
1375 217 1567 282 multum
1613 239 1833 284 dimoveri
1875 246 2091 299 poterunt
2111 241 2188 300 ⁴¹1).

217 324 307 368 Sed
339 323 837 376 occidentemwersus,
879 334 970 380 qua
997 320 1117 364 muri
1148 333 1242 363 non
1272 320 1419 363 minus
1449 334 1506 362 ex
1541 320 1733 378 vestigiis
1773 320 1976 364 locorum
2025 322 2191 366 adum-

216 405 498 463 brat-ieme
528 403 753 458 dicuntur,
784 401 965 445 illorum
992 401 1245 460 designatio
1275 399 1333 444 ab
1365 413 1522 443 eorum
1557 399 1755 455 collium,
1785 401 1852 465 in*
1867 401 2029 459 quibus
2057 401 2191 459 Pnyx

216 482 494 529 et'Mnseum
522 483 615 527 sita
629 480 783 538 erant,
812 481 995 532 devexis
1026 488 1071 524 et
1095 481 1352 543 praeruptis
1380 480 1593 524 lateribus
1624 482 1688 523 ita
1720 482 1912 536 recedit,
1940 488 1992 524 ut
2017 496 2194 525 summa
2228 510 2230 515 .

218 563 402 609 collium
416 595 431 621 ‚
461 576 578 622 quae
609 562 753 607 muris
783 561 1108 620 comprehendi
1139 567 1491 604 consentaneum
1520 575 1573 603 ac
1605 562 1908 605 necessarium
1937 558 2035 605 fere
2061 562 2194 607 vide-

216 648 358 700 retur,
385 642 550 703 partim
580 644 703 687 intra
732 643 899 700 partim
931 648 1062 685 extra
1087 648 1245 685 essent.
1309 637 1451 700 quue
1482 655 1537 683 eo
1568 641 1709 699 magis
1740 642 1896 684 mirari
1917 643 2037 695 licet,
2071 643 2194 700 quod

217 723 466 768 Pausanias
485 722 552 782 42)
614 720 774 783 Musei-
823 718 982 765 collem
1040 722 1160 765 intra
1205 735 1362 765 muros
1407 720 1545 764 fuisse
1603 726 1804 764 testatur.
1898 720 1965 765 Ac
2009 728 2198 774 constat,

217 802 385 848 eodem
405 802 637 847 ‘Pausania
664 801 852 859 aliisque
884 801 1165 856 auctoribus,
1183 801 1250 847 ,in
1278 801 1365 842 hoc
1395 802 1495 857 ipso
1530 801 1643 843 colle
1675 799 1974 856 Macedones,
2015 802 2197 844 Deme—

215 883 304 925 trio
341 881 594 925 Poliorceta
635 881 913 938 imperante,
957 881 1289 923 munimentum
1333 879 1609 935 condidisse,
1656 881 1779 939 quod
1820 895 1931 939 quas
1970 880 2197 924 molestias

216 959 567 1005 Atheniensibus
597 959 877 1015 exhibuerit,
902 959 1009 1002 satis
1040 965 1199 1003 notum
1234 966 1313 1003 est.
1376 959 1537 1018 Neque
1569 965 1722 1003 tamen
1755 961 1940 1003 dimidia
1968 962 2065 1003 eius
2096 960 2198 1002 col-

219 1041 276 1084 lis
299 1040 574 1099 superficies,
605 1052 737 1098 quae,
762 1039 801 1082 si
814 1038 1033 1091 Leakium
1058 1039 1303 1097 sequimur,
1331 1038 1429 1082 sola
1453 1039 1575 1082 intra
1606 1040 1767 1083 urbem
1800 1030 2086 1098 relinquitur,
2119 1054 2199 1082 ca-

217 1119 345 1163 stello
374 1118 459 1175 illi,
499 1120 622 1178 quod
648 1119 797 1164 valido
829 1119 1054 1176 praesidio
1084 1119 1348 1173 tenebatur,
1389 1132 1543 1161 aream
1580 1120 1687 1162 satis
1728 1116 1926 1178 amplam
1964 1127 2197 1178 praestare

215 1206 423 1258 poterat3
459 1191 582 1243 certe
607 1198 856 1243 consultius
887 1204 983 1241 erat
994 1230 1011 1251 ,
1058 1197 1226 1241 castelli
1253 1187 1408 1244 muros
1430 1198 1496 1241 ita
1522 1198 1773 1254 deducere,
1823 1204 1874 1241 ut
1905 1199 2121 1241 extremis
2152 1206 2198 1240 et

214 1277 472 1338 praeruptis
505 1279 629 1323 collis
667 1277 945 1336 marginibus
974 1278 1241 1321 insisterent.
1304 1278 1463 1335 Itaque
1500 1278 1614 1320 haec
1658 1279 1898 1336 repetitae<
1919 1286 1965 1322 et
2007 1293 2197 1322 accura-

215 1359 347 1414 tiori,
397 1359 435 1400 si
475 1357 577 1402 fieri
622 1363 793 1417 potest,
841 1357 1047 1401 locorum
1097 1358 1464 1415 pervestigationi
1508 1357 1814 1417 relinquimus.
1954 1358 2009 1401 Iu
2052 1359 2196 1401 altero

218 1437 354 1493 colle,
397 1438 446 1479 in
489 1451 580 1500 quo
608 1436 743 1494 Pnyx
781 1437 1024 1480 constituta
1066 1443 1188 1489 erat,
1223 1438 1433 1483 novimus
1472 1444 1651 1495 partem
1683 1440 1840 1494 muri,
1890 1453 2007 1496 quae
2048 1439 2198 1482 media

219 1522 317 1560 erat
345 1517 464 1559 iuter
494 1516 717 1560 Piraicam
749 1523 796 1559 et
827 1516 1011 1559 Sacram
1042 1522 1223 1574 portam
1259 1522 1304 1559 et
1335 1515 1697 1574 Heptachalcum
1739 1517 2075 1577 appellabatur,
2118 1519 2195 1560 in-

258 1732 465 1785 41)1nter
503 1733 720 1773 australem
748 1730 1005 1776 Athenarum
1042 1745 1202 1771 murum
1236 1741 1277 1773 et
1310 1733 1477 1773 Ilissum
1518 1733 1753 1786 περίπατος
1779 1740 1887 1780 erat,
1923 1731 2145 1785 descriptus
2170 1745 2193 1770 a

356 1805 526 1844 Platone
553 1801 723 1842 Phaedr.
754 1815 795 1855 p.
807 1806 901 1846 227.
927 1807 968 1841 et
993 1800 1039 1841 in
1063 1798 1258 1841 Axiocho
1285 1795 1464 1853 dialogo.
1536 1802 1667 1842 Huius
1694 1804 1767 1842 sub
1806 1803 1993 1850 initium,
2027 1814 2070 1855 p.
2087 1806 2193 1849 364„

360 1873 545 1913 Socrates
573 1878 756 1913 narratur
780 1871 826 1911 in
854 1867 1070 1927 περιπάτῳ
1097 1869 1224 1911 fuisse
1250 1871 1510 1924 cynos-rges
1537 1886 1678 1912 versus
1708 1875 1774 1926 (p.
1790 1876 1901 1921 372.)
1941 1873 1990 1912 ad
2016 1871 2193 1911 nissum.

359 1943 437 1984 Hic
460 1940 676 1998 Axiocbus
704 1955 797 1981 eum
823 1933 1075 1995 conspicatus
1113 1955 1167 1981 ex
1194 1943 1289 1981 urbe
1322 1942 1371 1981 ad
1399 1941 1655 1983 Callirrhoen
1694 1940 1852 1984 sontem
1887 1943 2111 1996 procurrit,
2154 1949 2195 1980 ut

361 2027 453 2054 eum
481 2026 582 2053 voce
623 2012 784 2066 assequi
812 2012 954 2065 possit.
1027 2012 1209 2052 Socrates
1247 2012 1329 2052 iam
1364 2014 1635 2053 ambulatione
1671 2014 1742 2052 illa
1785 2014 1924 2053 relicta
1967 2020 2196 2051 transverso

361 2070 524 2122 tramite
550 2079 746 2121 Axiocho
775 2081 937 2121 obviam
962 2082 1016 2129 it,
1057 2084 1104 2120 ab
1131 2096 1260 2137 eoque
1286 2083 1334 2122 ad
1362 2083 1491 2136 patris
1517 2083 1635 2123 aedes
1660 2082 1913 2137 perducitur,
1944 2096 2046 2136 quo,
2078 2089 2199 2135 post-

358 2166 476 2208 quam
502 2159 664 2207 praeter
690 2164 847 2191 murum
874 2150 922 2191 ad
950 2149 1128 2191 Itoniam
1167 2165 1293 2208 usque
1329 2159 1485 2207 portam
1523 2152 1797 2202 tetenderant,
1843 2166 1966 2207 eaque
2000 2159 2117 2205 porta
2154 2152 2198 2189 in

362 2223 500 2263 urbem
526 2222 792 2281 introierant,
826 2211 956 2275 prope
989 2222 1038 2261 ad
1066 2221 1290 2264 Amazonis
1328 2225 1491 2277 cippum
1532 2225 1581 2273 (i.
1607 2238 1645 2265 e.
1672 2238 1803 2278 prope
1834 2225 2027 2277 templum
2054 2220 2199 2272 Olym—

358 2294 500 2347 pium,
539 2307 579 2333 v.
607 2292 713 2335 Plut.
741 2292 864 2332 Thes.
876 2294 964 2341 27.)
997 2292 1233 2334 deveniunt.
1287 2293 1561 2344 Intelligitur‚
1597 2294 1856 2346 Cynosargeu
1882 2295 1928 2332 ab
1951 2291 2075 2332 Ilisso
2106 2306 2202 2331 ver-

360 2376 429 2402 sus
467 2365 628 2404 boream
665 2376 795 2418 neque
835 2377 859 2402 a
898 2377 1015 2403 muro
1052 2365 1173 2415 longe
1215 2364 1404 2404 dissitum
1441 2363 1594 2413 fuisse,
1649 2364 1907 2404 Callirrhoen
1944 2371 2080 2403 autem
2118 2377 2203 2402 non

359 2446 506 2483 magno
534 2434 669 2486 spatio
697 2447 840 2474 versus
866 2441 1049 2474 austrum
1075 2448 1098 2473 a
1125 2448 1241 2474 muro
1284 2436 1517 2475 seiunctam.
1585 2433 1717 2474 Etiam
1743 2434 1976 2483 ‚Phaedrum
2017 2433 2205 2473 Platoni-

361 2518 474 2551 cum,
510 2503 719 2557 probabile
744 2511 830 2553 est,
863 2503 1003 2545 eadem
1032 2504 1166 2544 Itonia
1193 2511 1310 2558 porta
1335 2501 1621 2557 eundem-*sere
1649 2504 1888 2558 περίπατον
1913 2504 2048 2552 adire,
2074 2503 2205 2557 siqui-

362 2573 454 2613 dem
480 2580 595 2612 antea
622 2572 667 2613 in
692 2573 907 2624 Morychia
933 2574 1075 2621 domo,
1113 2588 1243 2627 prope
1277 2574 1325 2612 ad
1357 2567 1622 2627 Olympium,
1660 2575 1915 2623 substiterat,
1964 2589 2007 2614 ac
2035 2572 2202 2619 Socrati,

363 2644 433 2696 qui
460 2644 629 2684 nonnisi
656 2643 854 2684 invitatus
881 2646 977 2685 urbe
1003 2645 1122 2685 exire
1148 2645 1302 2685 solebat
1326 2648 1387 2699 (p.
1408 2645 1540 2697 230.),
1582 2653 1797 2700 antequam
1839 2635 1996 2700 portam
2025 2644 2202 2695 attinge-

362 2721 444 2762 ret,
480 2707 644 2754 obviam
673 2714 766 2755 fieri
792 2729 961 2769 eumque
990 2715 1037 2755 ad
1069 2715 1306 2769 περίπατον
1332 2717 1452 2757 illum
1479 2729 1612 2757 secum
1637 2716 1846 2757 deducere·-

264 2799 334 2850 42)
362 2799 528 2843 Pausau.
548 2799 588 2849 I,
619 2805 693 2850 25,
722 2805 762 2846 6.
