2509 3028
266 216 319 255 56
754 205 759 209 ’
890 207 1037 251 CAR.
1089 208 1317 250 ODOFR.
1368 204 1637 250 MULLER

270 327 421 387 pensis
466 326 876 385 satisjntelligitur
920 328 1196 389 στρωτῆρας
1236 343 1329 371 non
1373 340 1468 370 esse
1510 325 1680 373 trabes,
1703 326 1881 383 tignave
1924 325 2119 381 maiora,
2170 329 2251 372 sed

271 419 369 449 esse
400 407 551 465 potius
584 409 754 449 asseres
787 407 927 462 magis
963 406 1166 450 minusve
1193 404 1387 459 validos,
1427 407 1502 462 qui
1539 404 1742 447 trabibus
1775 404 2147 462 imponebantur,
2188 413 2252 458 ut,

272 499 389 544 quae
418 486 556 528 etiam
589 486 652 528 sic
689 484 933 527 manebant
965 484 1227 537 intervalla,
1263 485 1417 528 cannis
1446 484 1590 527 aliove
1622 485 1906 541 operimento
1934 483 2246 525 insterneren-

273 571 362 607 tur.
427 564 599 608 Nostro
629 570 782 606 tamen
816 562 918 604 loco
959 563 994 604 si
1030 563 1130 620 quis
1161 566 1435 625 στρωτῆρας
1472 563 1529 605 ad
1564 564 1672 606 tecti
1707 564 2086 619 contignationem
2124 569 2252 605 retu—

274 644 403 696 lerit,
444 656 606 687 vereor
642 656 701 683 ne
739 643 787 683 in
826 641 1109 683 difficultates
1152 643 1383 684 irretiatur
1427 641 1774 698 inexplicabiles.
1850 640 2078 694 Quocirca
2121 641 2253 698 plane

274 721 496 765 assentior
529 718 819 761 Boeckhio
851 717 880 760 1.
906 718 934 759 l.
966 733 1009 774 p.
1034 719 1139 774 619.
1171 721 1407 773 statuenti,
1437 721 1711 782 στρωτῆρας
1751 732 1846 761 esse
1875 719 2055 775 quidem
2085 731 2256 761 asseres

271 801 474 842 eiusdem
513 799 689 856 generis
730 804 776 838 et
813 797 1010 849 moduli,
1050 812 1139 853 quo
1176 798 1223 839 in
1260 799 1596 854 contignatione
1633 797 1840 839 facienda
1874 797 2140 851 utebantur,
2178 798 2255 839 sed

273 879 503 936 interponi
534 878 610 920 hic
643 877 746 933 pilis
783 876 893 930 illis,
937 890 1053 932 quae
1093 871 1254 932 στόχοι
1290 876 1524 930 dicuntur,
1567 883 1618 918 ut
1658 890 1742 933 pro
1784 875 1938 932 pluteo
1973 877 2256 932 (Geliimler)

275 964 437 1001 essent.
500 956 718 999 Poterant
755 961 905 997 autem
944 950 1106 1018 στόχῳ
1142 947 1387 1019 διπλίνθῳ
1424 955 1486 998 illi
1519 957 1804 1018 στρωτῆρες,
1847 956 1882 997 si
1908 954 1973 997 VI
2003 956 2163 1014 digitos
2198 982 2254 989 —-

275 1038 398 1094 quod
428 1036 624 1092 exempli
650 1048 782 1075 causa
813 1048 935 1091 pono
970 1059 1028 1066 —-
1063 1049 1403 1092 quoquoversus
1434 1037 1568 1077 crassi
1599 1043 1739 1086 erant,
1770 1036 1830 1076 ita
1860 1035 2000 1092 infigi,
2031 1044 2080 1078 ut
2106 1039 2258 1080 utrin-

276 1129 365 1173 que
406 1114 547 1157 latere
584 1092 694 1155 {111
742 1113 902 1169 digitos
945 1112 1036 1155 lato
1088 1114 1430 1156 continerentur
1476 1121 1521 1156 et
1563 1116 1609 1156 in
1653 1115 1799 1157 medio
1840 1110 2000 1178 στόχῳ
2047 1116 2165 1158 inter
2211 1131 2257 1159 se

274 1194 501 1237 commissi
534 1199 826 1249 compactura
858 1193 1052 1248 quadam
1089 1193 1396 1248 iungerentur.
1462 1191 1527 1233 Ac
1563 1176 1741 1236 videtur
1772 1194 1960 1235 inferior
2000 1209 2122 1236 asser
2164 1210 2259 1237 ses-

275 1272 515 1330 quipedem
547 1284 682 1328 supra
712 1277 882 1311 terram
913 1270 1075 1325 fuisse,
1115 1271 1237 1327 quod
1271 1270 1558 1315 intervallum
1586 1272 1704 1314 inter
1735 1272 1998 1315 inferiorem
2037 1280 2082 1316 et
2117 1288 2260 1331 supe-

276 1352 443 1393 riorem
480 1350 736 1392 faciendum
775 1362 872 1389 esse
910 1350 1197 1406 praecipitur.

418 1431 497 1477 60.
525 1431 603 1476 61.
667 1422 794 1484 ὕψος
822 1429 963 1473 ποιῶν
994 1431 1078 1474 τοῦ
1105 1424 1280 1485 στόχου
1315 1422 1430 1476 ὤςτε
1458 1425 1772 1491 α’νόρ[θ]ο[υς]
1805 1419 1920 1478 εἶναι
1953 1431 2015 1479 εἷς
2049 1429 2103 1479 τό
2142 1431 2260 1480 εἴσω.

274 1505 1356 1566 ΤΟΥΣΤΟΧΟΥΣΩΣΤΕΑΝΟΡΘΟΙΥΣ
1405 1509 1530 1564 Pitt.,
1598 1526 1711 1566 quae
1767 1511 1926 1552 Franz.
1979 1512 2168 1555 mutavit
2213 1513 2259 1552 in

276 1585 384 1637 τούς
420 1584 604 1645 τοίχους
646 1580 760 1634 <fisse
799 1581 1040 1647 α’νόρθους.
1116 1585 1188 1628 De
1229 1587 1420 1628 lectione
1470 1593 1622 1629 tamen
1662 1587 1811 1630 Rossii
1855 1588 2051 1630 dubitari
2091 1589 2261 1646 nequit,

276 1669 355 1711 sed
390 1666 702 1722 interpretatio
751 1666 874 1707 vocis
914 1660 1115 1726 ἅνορθος
1153 1680 1244 1705 non
1282 1667 1388 1706 satis
1432 1673 1556 1706 certa
1589 1673 1667 1707 est.
1743 1667 1828 1723 (Cf.
1864 1667 2080 1722 Stephani
2123 1667 2261 1709 Thes.

277 1748 345 1789 ed.
378 1745 506 1802 Angl.
539 1760 581 1800 p.
604 1745 730 1798 6916
755 1744 814 1799 c.)
888 1743 991 1785 Hoc
1027 1746 1074 1785 in
1107 1745 1237 1785 titulo
1273 1759 1377 1784 cum
1411 1744 1599 1785 altitudo
1634 1745 1750 1800 pilae
1781 1759 1835 1786 eo
1866 1746 2084 1789 vocabulo
2118 1748 2261 1804 signi-

277 1826 462 1879 ficetur,
502 1830 614 1881 puto
642 1816 847 1885 ἄνορθον
879 1820 940 1870 εἴς
970 1839 1016 1870 τι
1052 1822 1137 1863 dici
1171 1821 1291 1879 quod
1328 1828 1527 1864 erectum
1568 1823 1624 1865 sit
1665 1838 1805 1880 usque
1847 1823 1905 1866 ad
1942 1823 2258 1868 libramentum

278 1904 391 1946 alius
439 1902 670 1943 cuiusdam
712 1909 964 1944 structurae
1009 1900 1076 1958 (in
1121 1901 1195 1941 die
1235 1901 1372 1942 Hb'lze
1410 1902 1609 1958 gefiilzrt
1653 1901 1722 1943 bis
1763 1917 1866 1944 zzz-m
1913 1904 2094 1946 Niveaa
2137 1905 2263 1945 eines

278 1984 463 2026 andern
498 1980 704 2036 Paucis).
769 1981 906 2033 Quod
946 1981 993 2021 in
1032 1980 1391 2035 breviloquentia
1434 1981 1626 2030 technici
1668 1983 1887 2023 sermonis
1929 1983 2004 2024 illo
2038 1984 2261 2027 vocabulo

278 2060 517 2118 significari
553 2059 776 2115 potuisse,
816 2072 950 2099 nemo
982 2057 1112 2098 facile
1145 2059 1383 2113 negaverit.
1449 2056 1534 2105 Εἰς
1567 2055 1620 2105 τὸ
1655 2056 1759 2105 εἴσω
1793 2067 1942 2102 autem
1975 2061 2032 2102 ad
2067 2063 2260 2103 interio-

279 2155 379 2182 rem
422 2139 540 2180 muri
575 2144 750 2194 partem
790 2144 993 2193 spectare
1030 2143 1235 2191 apertum
1273 2142 1366 2188 est,
1412 2143 1524 2192 puto
1560 2138 1617 2177 ad
1655 2152 1834 2178 murum
1869 2153 2006 2195 supra
2041 2140 2260 2182 fenestras

281 2225 326 2262 et
356 2218 517 2276 pinnas
552 2215 746 2258 lateritio
786 2229 924 2273 opere
953 2219 1245 2256 exstructum.
1312 2213 1404 2268 Qui
1433 2215 1469 2256 si
1502 2229 1593 2256 non
1628 2214 1759 2257 altior
1792 2222 1858 2258 est
1889 2216 1989 2274 pilis
2024 2218 2116 2262 sive
2152 2213 2260 2265 στὸ-

280 2315 402 2357 χαις,
432 2298 609 2350 trabes,
643 2309 757 2352 quae
790 2295 858 2336 his
891 2296 1189 2351 imponuntur
1217 2289 1460 2351 (ἐπιθήσει
1489 2287 1640 2342 δοκούς
1673 2296 1734 2343 εἰς
1762 2293 1869 2344 τούς
1903 2292 2143 2355 στόχους),
2181 2312 2262 2341 su-

280 2380 565 2435 pereminere
606 2389 788 2417 necesse
826 2381 892 2416 est
935 2388 1118 2416 murum
1161 2373 1300 2415 illum.
1367 2374 1473 2428 Quo
1517 2383 1753 2432 comperto
1797 2377 2034 2419 commode
2077 2387 2261 2420 utemur

282 2459 327 2500 in
363 2457 417 2500 iis
449 2470 565 2515 quae
604 2458 829 2496 secuntur.

430 2537 504 2583 61.
570 2525 648 2581 Οἶ)
676 2530 741 2591 μή
774 2530 1193 2590 κατεστέγασταις
1237 2548 1342 2575 nam
1380 2535 1531 2575 omnia
1575 2548 1629 2575 ea
1666 2549 1806 2591 opera
1838 2536 2001 2592 partim
2042 2543 2138 2577 tum
2170 2537 2259 2576 iam

281 2616 401 2657 facta
437 2629 488 2655 ac
528 2612 599 2656 vel
643 2612 793 2654 diruta
831 2611 903 2655 vel
940 2625 1032 2652 non
1073 2611 1277 2654 absoluta
1316 2612 1480 2666 fuisse,
1520 2613 1781 2670 intelligitur
1826 2615 1961 2655 etiam
2008 2626 2065 2654 ex
2108 2628 2147 2658 v.
2189 2619 2261 2667 59.

283 2702 357 2744 70.
396 2692 452 2735 al.

422 2774 497 2820 61.
531 2772 606 2819 621.
671 2764 897 2825 στεγάσει
925 2761 1132 2826 δοιοῖσιν]
1168 2765 1252 2817 καὶ
1285 2768 1548 2824 ἑπιβλῆσιν
1582 2767 1741 2820 τιθεὶς
1775 2766 2018 2830 ἐναλλάξ.
2054 2764 2083 2825 ἢ
2113 2786 2259 2830 στρω-

283 2855 443 2915 τῆρσιν
476 2845 874 2912 περιενκεντρίσει.
948 2847 1653 2909 ΣΤΕΓΑΝΗΙΔΟΚΟΙΙΣΙΝ
1694 2848 1795 2893 Pitt.
1832 2849 2088 2905 στεγαναῖς
2124 2840 2263 2894 δοκοῖ·
