<?xml version="1.0" encoding="UTF-8"?>
<!DOCTYPE html PUBLIC "-//W3C//DTD XHTML 1.0 Transitional//EN"
    "http://www.w3.org/TR/xhtml1/DTD/xhtml1-transitional.dtd">
<html xmlns="http://www.w3.org/1999/xhtml" xml:lang="en" lang="en">
 <head>
  <title>
</title>
<meta http-equiv="Content-Type" content="text/html;charset=utf-8" />
  <meta name='ocr-system' content='tesseract 3.04.00' />
  <meta name='ocr-capabilities' content='ocr_page ocr_carea ocr_par ocr_line ocrx_word'/>
</head>
<body>
  <div class='ocr_page' id='page_1' title='image "4773759_0041.png"; bbox 0 0 2509 3028; ppageno 0'>
   <div class='ocr_carea' id='block_1_1' title="bbox 248 76 1625 154">
    <p class='ocr_par' dir='ltr' id='par_1_1' title="bbox 248 76 1625 154">
     <span class='ocr_line' id='line_1_1' title="bbox 248 76 1625 154; baseline -0.001 0"><span class='ocrx_word' id='word_1_1' title='bbox 248 115 303 154; x_wconf 77' lang='lat'><strong>28</strong></span> <span class='ocrx_word' id='word_1_2' title='bbox 576 76 579 77; x_wconf 37' lang='lat'><em>⁷</em></span> <span class='ocrx_word' id='word_1_3' title='bbox 875 106 1019 153; x_wconf 68' lang='lat' dir='ltr'><strong>can.</strong></span> <span class='ocrx_word' id='word_1_4' title='bbox 1073 108 1304 151; x_wconf 65' lang='lat' dir='ltr'><strong>onom.</strong></span> <span class='ocrx_word' id='word_1_5' title='bbox 1358 100 1625 152; x_wconf 63' lang='lat' dir='ltr'><strong>Mummi</strong></span> 
     </span>
    </p>
   </div>
   <div class='ocr_carea' id='block_1_2' title="bbox 250 209 2236 1315">
    <p class='ocr_par' dir='ltr' id='par_1_2' title="bbox 250 209 2236 1315">
     <span class='ocr_line' id='line_1_2' title="bbox 253 209 2232 287; baseline 0.002 -19"><span class='ocrx_word' id='word_1_6' title='bbox 253 233 300 269; x_wconf 87' lang='lat' dir='ltr'><strong>et</strong></span> <span class='ocrx_word' id='word_1_7' title='bbox 329 226 428 283; x_wconf 86' lang='lat' dir='ltr'><strong>ipse</strong></span> <span class='ocrx_word' id='word_1_8' title='bbox 454 236 529 266; x_wconf 86' lang='lat' dir='ltr'><strong>res</strong></span> <span class='ocrx_word' id='word_1_9' title='bbox 557 223 763 281; x_wconf 84' lang='lat' dir='ltr'><strong>publicas</strong></span> <span class='ocrx_word' id='word_1_10' title='bbox 793 228 972 284; x_wconf 84' lang='lat' dir='ltr'><strong>egregie</strong></span> <span class='ocrx_word' id='word_1_11' title='bbox 1001 228 1238 286; x_wconf 82' lang='lat' dir='ltr'>capessivit</span> <span class='ocrx_word' id='word_1_12' title='bbox 1261 228 1317 285; x_wconf 77' lang='lat'><strong>5).</strong></span> <span class='ocrx_word' id='word_1_13' title='bbox 1382 227 1580 283; x_wconf 79' lang='lat' dir='ltr'><strong>Quando</strong></span> <span class='ocrx_word' id='word_1_14' title='bbox 1611 229 1649 271; x_wconf 90' lang='lat' dir='ltr'><strong>is</strong></span> <span class='ocrx_word' id='word_1_15' title='bbox 1674 228 1730 271; x_wconf 84' lang='lat' dir='ltr'><strong>ad</strong></span> <span class='ocrx_word' id='word_1_16' title='bbox 1752 227 1971 287; x_wconf 88' lang='lat' dir='ltr'><strong>populum</strong></span> <span class='ocrx_word' id='word_1_17' title='bbox 1994 209 2232 286; x_wconf 70' lang='lat' dir='ltr'><strong>prodierit,</strong></span> 
     </span>
     <span class='ocr_line' id='line_1_3' title="bbox 253 304 2233 382; baseline 0.001 -33"><span class='ocrx_word' id='word_1_18' title='bbox 253 321 281 349; x_wconf 89' lang='lat' dir='ltr'><strong>a</strong></span> <span class='ocrx_word' id='word_1_19' title='bbox 311 304 493 348; x_wconf 86' lang='lat' dir='ltr'><strong>nemine</strong></span> <span class='ocrx_word' id='word_1_20' title='bbox 526 305 807 363; x_wconf 84' lang='lat' dir='ltr'><strong>accepimus3</strong></span> <span class='ocrx_word' id='word_1_21' title='bbox 854 306 1053 365; x_wconf 88' lang='lat' dir='ltr'><strong>potuisse</strong></span> <span class='ocrx_word' id='word_1_22' title='bbox 1096 313 1276 363; x_wconf 85' lang='lat' dir='ltr'><strong>tamen,</strong></span> <span class='ocrx_word' id='word_1_23' title='bbox 1307 308 1345 352; x_wconf 86' lang='lat' dir='ltr'><strong>si</strong></span> <span class='ocrx_word' id='word_1_24' title='bbox 1377 307 1641 382; x_wconf 80' lang='lat' dir='ltr'><strong>Lycurgum</strong></span> <span class='ocrx_word' id='word_1_25' title='bbox 1673 315 1877 367; x_wconf 86' lang='lat' dir='ltr'><strong>patrem,</strong></span> <span class='ocrx_word' id='word_1_26' title='bbox 1923 307 2233 352; x_wconf 78' lang='lat' dir='ltr'><strong>Demosthene</strong></span> 
     </span>
     <span class='ocr_line' id='line_1_4' title="bbox 253 377 2231 445; baseline 0.001 -18"><span class='ocrx_word' id='word_1_27' title='bbox 253 385 503 438; x_wconf 86' lang='lat' dir='ltr'><strong>maiorem,</strong></span> <span class='ocrx_word' id='word_1_28' title='bbox 549 384 670 425; x_wconf 80' lang='lat' dir='ltr'><strong>circa</strong></span> <span class='ocrx_word' id='word_1_29' title='bbox 710 383 895 442; x_wconf 85' lang='lat' dir='ltr'><strong>Olymp.</strong></span> <span class='ocrx_word' id='word_1_30' title='bbox 921 384 1064 429; x_wconf 71' lang='lat' dir='ltr'><strong>XCV.</strong></span> <span class='ocrx_word' id='word_1_31' title='bbox 1103 393 1261 431; x_wconf 89' lang='lat' dir='ltr'><strong>natum</strong></span> <span class='ocrx_word' id='word_1_32' title='bbox 1295 377 1557 443; x_wconf 73' lang='lat' dir='ltr'><strong>statuimus,</strong></span> <span class='ocrx_word' id='word_1_33' title='bbox 1605 387 1765 430; x_wconf 82' lang='lat' dir='ltr'><strong>filium</strong></span> <span class='ocrx_word' id='word_1_34' title='bbox 1788 388 1879 430; x_wconf 85' lang='lat' dir='ltr'><strong>iam</strong></span> <span class='ocrx_word' id='word_1_35' title='bbox 1924 386 2108 445; x_wconf 83' lang='lat' dir='ltr'><strong>Olymp.</strong></span> <span class='ocrx_word' id='word_1_36' title='bbox 2127 385 2231 429; x_wconf 83' lang='lat' dir='ltr'><strong>CX.</strong></span> 
     </span>
     <span class='ocr_line' id='line_1_5' title="bbox 250 457 2231 524; baseline 0.001 -18"><span class='ocrx_word' id='word_1_37' title='bbox 250 463 436 522; x_wconf 90' lang='lat' dir='ltr'><strong>publico</strong></span> <span class='ocrx_word' id='word_1_38' title='bbox 469 477 661 506; x_wconf 83' lang='lat' dir='ltr'><strong>munere</strong></span> <span class='ocrx_word' id='word_1_39' title='bbox 691 463 849 520; x_wconf 83' lang='lat' dir='ltr'><strong>fungi,</strong></span> <span class='ocrx_word' id='word_1_40' title='bbox 889 462 956 507; x_wconf 81' lang='lat' dir='ltr'><strong>i&#39;n</strong></span> <span class='ocrx_word' id='word_1_41' title='bbox 968 472 1140 524; x_wconf 74' lang='lat' dir='ltr'><strong>aperto·</strong></span> <span class='ocrx_word' id='word_1_42' title='bbox 1161 474 1240 510; x_wconf 72' lang='lat' dir='ltr'><strong>est:</strong></span> <span class='ocrx_word' id='word_1_43' title='bbox 1259 458 1289 497; x_wconf 68' lang='lat'><strong>&#39;³—</strong></span> <span class='ocrx_word' id='word_1_44' title='bbox 1296 457 1446 510; x_wconf 53' lang='lat' dir='ltr'><strong>ssiu&amp;</strong></span> <span class='ocrx_word' id='word_1_45' title='bbox 1459 457 1673 510; x_wconf 49' lang='lat' dir='ltr'><strong>erssdffiile</strong></span> <span class='ocrx_word' id='word_1_46' title='bbox 1704 466 1778 519; x_wconf 83' lang='lat' dir='ltr'><strong>fit,</strong></span> <span class='ocrx_word' id='word_1_47' title='bbox 1818 467 1940 509; x_wconf 87' lang='lat' dir='ltr'><strong>hune</strong></span> <span class='ocrx_word' id='word_1_48' title='bbox 1964 466 2231 524; x_wconf 80' lang='lat' dir='ltr'><strong>Habronem</strong></span> 
     </span>
     <span class='ocr_line' id='line_1_6' title="bbox 251 522 2233 602; baseline 0.001 -16"><span class='ocrx_word' id='word_1_49' title='bbox 251 542 310 586; x_wconf 81' lang='lat' dir='ltr'><strong>ab</strong></span> <span class='ocrx_word' id='word_1_50' title='bbox 341 544 442 602; x_wconf 87' lang='lat' dir='ltr'><strong>ipso</strong></span> <span class='ocrx_word' id='word_1_51' title='bbox 472 549 627 600; x_wconf 76' lang='lat' dir='ltr'><strong>patre,</strong></span> <span class='ocrx_word' id='word_1_52' title='bbox 667 556 771 585; x_wconf 82' lang='lat' dir='ltr'><strong>cum</strong></span> <span class='ocrx_word' id='word_1_53' title='bbox 803 543 1067 588; x_wconf 75' lang='lat' dir='ltr'><strong>diutumam</strong></span> <span class='ocrx_word' id='word_1_54' title='bbox 1087 546 1173 589; x_wconf 79' lang='lat' dir='ltr'><strong>me</strong></span> <span class='ocrx_word' id='word_1_55' title='bbox 1204 547 1461 589; x_wconf 76' lang='lat' dir='ltr'><strong>redituum</strong></span> <span class='ocrx_word' id='word_1_56' title='bbox 1478 552 1646 590; x_wconf 79' lang='lat' dir='ltr'><strong>curam</strong></span> <span class='ocrx_word' id='word_1_57' title='bbox 1658 522 1950 601; x_wconf 73' lang='lat' dir='ltr'><strong>sustineret,</strong></span> <span class='ocrx_word' id='word_1_58' title='bbox 1969 547 2028 589; x_wconf 83' lang='lat' dir='ltr'><strong>ad</strong></span> <span class='ocrx_word' id='word_1_59' title='bbox 2061 560 2114 588; x_wconf 83' lang='lat' dir='ltr'><strong>ea</strong></span> <span class='ocrx_word' id='word_1_60' title='bbox 2147 560 2233 588; x_wconf 88' lang='lat' dir='ltr'><strong>ne-</strong></span> 
     </span>
     <span class='ocr_line' id='line_1_7' title="bbox 251 618 2235 682; baseline 0.001 -17"><span class='ocrx_word' id='word_1_61' title='bbox 251 622 374 680; x_wconf 79' lang='lat' dir='ltr'><strong>gotia</strong></span> <span class='ocrx_word' id='word_1_62' title='bbox 406 621 656 665; x_wconf 81' lang='lat' dir='ltr'><strong>adhibitum</strong></span> <span class='ocrx_word' id='word_1_63' title='bbox 690 627 737 663; x_wconf 92' lang='lat' dir='ltr'><strong>et</strong></span> <span class='ocrx_word' id='word_1_64' title='bbox 770 623 898 679; x_wconf 85' lang='lat' dir='ltr'><strong>quasi</strong></span> <span class='ocrx_word' id='word_1_65' title='bbox 924 623 973 665; x_wconf 87' lang='lat' dir='ltr'><strong>in</strong></span> <span class='ocrx_word' id='word_1_66' title='bbox 1011 623 1110 667; x_wconf 65' lang='lat' dir='ltr'><strong>hocv</strong></span> <span class='ocrx_word' id='word_1_67' title='bbox 1130 639 1298 682; x_wconf 75' lang='lat' dir='ltr'><strong>genere</strong></span> <span class='ocrx_word' id='word_1_68' title='bbox 1324 639 1482 668; x_wconf 76' lang='lat' dir='ltr'><strong>vrerum</strong></span> <span class='ocrx_word' id='word_1_69' title='bbox 1524 624 1810 682; x_wconf 79' lang='lat' dir='ltr'><strong>publicarum</strong></span> <span class='ocrx_word' id='word_1_70' title='bbox 1851 618 2235 667; x_wconf 85' lang='lat' dir='ltr'><strong>administranda-</strong></span> 
     </span>
     <span class='ocr_line' id='line_1_8' title="bbox 252 699 2234 763; baseline 0.001 -19"><span class='ocrx_word' id='word_1_71' title='bbox 252 716 356 744; x_wconf 86' lang='lat' dir='ltr'><strong>rum</strong></span> <span class='ocrx_word' id='word_1_72' title='bbox 386 701 640 743; x_wconf 89' lang='lat' dir='ltr'><strong>institutum</strong></span> <span class='ocrx_word' id='word_1_73' title='bbox 670 714 779 743; x_wconf 90' lang='lat' dir='ltr'><strong>esse.</strong></span> <span class='ocrx_word' id='word_1_74' title='bbox 845 699 1046 758; x_wconf 81' lang='lat' dir='ltr'><strong>Accedit,</strong></span> <span class='ocrx_word' id='word_1_75' title='bbox 1098 704 1220 763; x_wconf 91' lang='lat' dir='ltr'><strong>quod</strong></span> <span class='ocrx_word' id='word_1_76' title='bbox 1254 704 1518 762; x_wconf 85' lang='lat' dir='ltr'><strong>Lycurgus,</strong></span> <span class='ocrx_word' id='word_1_77' title='bbox 1557 718 1661 746; x_wconf 83' lang='lat' dir='ltr'><strong>cum</strong></span> <span class='ocrx_word' id='word_1_78' title='bbox 1693 703 1789 761; x_wconf 84' lang='lat' dir='ltr'><strong>ipse</strong></span> <span class='ocrx_word' id='word_1_79' title='bbox 1820 716 1903 757; x_wconf 83' lang='lat' dir='ltr'><strong>suo</strong></span> <span class='ocrx_word' id='word_1_80' title='bbox 1935 703 2120 750; x_wconf 81' lang='lat' dir='ltr'><strong>nomine</strong></span> <span class='ocrx_word' id='word_1_81' title='bbox 2151 717 2234 761; x_wconf 86' lang='lat' dir='ltr'><strong>per</strong></span> 
     </span>
     <span class='ocr_line' id='line_1_9' title="bbox 251 766 2234 842; baseline -0.001 -20"><span class='ocrx_word' id='word_1_82' title='bbox 251 792 396 823; x_wconf 80' lang='lat' dir='ltr'><strong>unem-</strong></span> <span class='ocrx_word' id='word_1_83' title='bbox 422 772 798 840; x_wconf 68' lang='grc' dir='ltr'><strong>πενταετηρίδα,</strong></span> <span class='ocrx_word' id='word_1_84' title='bbox 821 777 891 822; x_wconf 63' lang='lat' dir='ltr'><strong>&#39;id</strong></span> <span class='ocrx_word' id='word_1_85' title='bbox 919 787 987 823; x_wconf 82' lang='lat' dir='ltr'><strong>est</strong></span> <span class='ocrx_word' id='word_1_86' title='bbox 1020 777 1220 839; x_wconf 65' lang='lat' dir='ltr'><strong>quatuor</strong></span> <span class='ocrx_word' id='word_1_87' title='bbox 1246 788 1418 837; x_wconf 73' lang='lat' dir='ltr'><strong>annos,</strong></span> <span class='ocrx_word' id='word_1_88' title='bbox 1446 780 1627 842; x_wconf 72' lang='grc' dir='ltr'><strong><em>ταμίας</em></strong></span> <span class='ocrx_word' id='word_1_89' title='bbox 1655 775 2029 839; x_wconf 28' lang='grc' dir='ltr'><strong>τῆἐὶὸιοικῆσεως</strong></span> <span class='ocrx_word' id='word_1_90' title='bbox 2060 766 2234 834; x_wconf 69' lang='lat' dir='ltr'><strong>fuisset,</strong></span> 
     </span>
     <span class='ocr_line' id='line_1_10' title="bbox 253 844 2236 923; baseline 0 -22"><span class='ocrx_word' id='word_1_91' title='bbox 253 859 420 902; x_wconf 80' lang='lat' dir='ltr'><strong>deinde</strong></span> <span class='ocrx_word' id='word_1_92' title='bbox 469 865 658 917; x_wconf 77' lang='lat' dir='ltr'><strong>propter</strong></span> <span class='ocrx_word' id='word_1_93' title='bbox 700 859 845 916; x_wconf 82' lang='lat' dir='ltr'><strong>legem</strong></span> <span class='ocrx_word' id='word_1_94' title='bbox 879 859 936 902; x_wconf 83' lang='lat' dir='ltr'><strong>ab</strong></span> <span class='ocrx_word' id='word_1_95' title='bbox 964 850 1065 917; x_wconf 81' lang='lat' dir='ltr'><strong>ipso</strong></span> <span class='ocrx_word' id='word_1_96' title='bbox 1095 861 1234 904; x_wconf 81' lang='lat' dir='ltr'><strong>latam</strong></span> <span class='ocrx_word' id='word_1_97' title='bbox 1266 876 1358 905; x_wconf 89' lang='lat' dir='ltr'><strong>non</strong></span> <span class='ocrx_word' id='word_1_98' title='bbox 1392 848 1778 920; x_wconf 72' lang='lat' dir='ltr'><strong>destitit’quidem</strong></span> <span class='ocrx_word' id='word_1_99' title='bbox 1808 859 1979 903; x_wconf 74' lang='lat' dir='ltr'><strong>abhac</strong></span> <span class='ocrx_word' id='word_1_100' title='bbox 1995 844 2236 923; x_wconf 65' lang='lat' dir='ltr'><strong>utilissima</strong></span> 
     </span>
     <span class='ocr_line' id='line_1_11' title="bbox 254 925 2234 998; baseline 0.001 -17"><span class='ocrx_word' id='word_1_101' title='bbox 254 953 379 993; x_wconf 83' lang='lat' dir='ltr'><strong>cura,</strong></span> <span class='ocrx_word' id='word_1_102' title='bbox 405 940 484 981; x_wconf 85' lang='lat' dir='ltr'><strong>sed</strong></span> <span class='ocrx_word' id='word_1_103' title='bbox 517 938 682 990; x_wconf 87' lang='lat' dir='ltr'><strong>effecit,</strong></span> <span class='ocrx_word' id='word_1_104' title='bbox 714 945 766 979; x_wconf 89' lang='lat' dir='ltr'><strong>ut</strong></span> <span class='ocrx_word' id='word_1_105' title='bbox 793 939 975 995; x_wconf 86' lang='lat' dir='ltr'><strong>quidam</strong></span> <span class='ocrx_word' id='word_1_106' title='bbox 1007 941 1149 996; x_wconf 81' lang='lat' dir='ltr'><strong>ipsius</strong></span> <span class='ocrx_word' id='word_1_107' title='bbox 1175 942 1483 998; x_wconf 69' lang='lat' dir='ltr'><strong>amici&#39;pala&#39;m</strong></span> <span class='ocrx_word' id='word_1_108' title='bbox 1512 942 1601 984; x_wconf 87' lang='lat' dir='ltr'><strong>hoe</strong></span> <span class='ocrx_word' id='word_1_109' title='bbox 1628 932 1800 984; x_wconf 27' lang='lat' dir='ltr'><strong>munus*</strong></span> <span class='ocrx_word' id='word_1_110' title='bbox 1824 925 2234 998; x_wconf 49' lang='lat' dir='ltr'><strong>popfinffsnfflsgiis</strong></span> 
     </span>
     <span class='ocr_line' id='line_1_12' title="bbox 253 1005 2233 1075; baseline -0.001 -16"><span class='ocrx_word' id='word_1_111' title='bbox 253 1019 537 1075; x_wconf 85' lang='lat' dir='ltr'><strong>susciperent</strong></span> <span class='ocrx_word' id='word_1_112' title='bbox 568 1023 615 1058; x_wconf 87' lang='lat' dir='ltr'><strong>et</strong></span> <span class='ocrx_word' id='word_1_113' title='bbox 640 1030 812 1058; x_wconf 86' lang='lat' dir='ltr'><strong>nomen</strong></span> <span class='ocrx_word' id='word_1_114' title='bbox 858 1017 1184 1073; x_wconf 77' lang='lat' dir='ltr'><strong>profiterentur</strong></span> <span class='ocrx_word' id='word_1_115' title='bbox 1209 1018 1278 1075; x_wconf 71' lang='lat'><strong>4),</strong></span> <span class='ocrx_word' id='word_1_116' title='bbox 1315 1020 1430 1075; x_wconf 83' lang='lat' dir='ltr'><strong>i&#39;pse&#39;</strong></span> <span class='ocrx_word' id='word_1_117' title='bbox 1453 1009 1603 1061; x_wconf 83' lang='lat' dir='ltr'><strong>autem</strong></span> <span class='ocrx_word' id='word_1_118' title='bbox 1632 1022 1805 1064; x_wconf 63' lang='lat' dir='ltr'><strong>⁴&#39;revera</strong></span> <span class='ocrx_word' id='word_1_119' title='bbox 1837 1005 2092 1061; x_wconf 77' lang='lat' dir='ltr'><strong>universam</strong></span> <span class='ocrx_word' id='word_1_120' title='bbox 2134 1028 2233 1058; x_wconf 85' lang='lat' dir='ltr'><strong>rem</strong></span> 
     </span>
     <span class='ocr_line' id='line_1_13' title="bbox 252 1087 2236 1158; baseline 0.002 -20"><span class='ocrx_word' id='word_1_121' title='bbox 252 1096 345 1139; x_wconf 82' lang='lat' dir='ltr'><strong>suis</strong></span> <span class='ocrx_word' id='word_1_122' title='bbox 377 1096 571 1138; x_wconf 83' lang='lat' dir='ltr'><strong>consiliis</strong></span> <span class='ocrx_word' id='word_1_123' title='bbox 598 1095 884 1153; x_wconf 79' lang='lat' dir='ltr'><strong>gubernaret.</strong></span> <span class='ocrx_word' id='word_1_124' title='bbox 948 1096 1055 1152; x_wconf 89' lang='lat' dir='ltr'><strong>Quo</strong></span> <span class='ocrx_word' id='word_1_125' title='bbox 1089 1104 1326 1155; x_wconf 80' lang='lat' dir='ltr'><strong>praetexto</strong></span> <span class='ocrx_word' id='word_1_126' title='bbox 1358 1087 1633 1154; x_wconf 66' lang='lat' dir='ltr'><strong>Lycurgum*</strong></span> <span class='ocrx_word' id='word_1_127' title='bbox 1657 1091 1743 1155; x_wconf 83' lang='lat' dir='ltr'><strong>per</strong></span> <span class='ocrx_word' id='word_1_128' title='bbox 1768 1099 1892 1140; x_wconf 81' lang='lat' dir='ltr'><strong>&#39;duas</strong></span> <span class='ocrx_word' id='word_1_129' title='bbox 1926 1091 2236 1158; x_wconf 67' lang='grc' dir='ltr'><strong>πενταετηρί-</strong></span> 
     </span>
     <span class='ocr_line' id='line_1_14' title="bbox 254 1169 2235 1235; baseline 0.001 -19"><span class='ocrx_word' id='word_1_130' title='bbox 254 1169 361 1230; x_wconf 71' lang='grc' dir='ltr'><strong>δας,</strong></span> <span class='ocrx_word' id='word_1_131' title='bbox 401 1176 450 1217; x_wconf 88' lang='lat' dir='ltr'><strong>id</strong></span> <span class='ocrx_word' id='word_1_132' title='bbox 482 1181 550 1216; x_wconf 87' lang='lat' dir='ltr'><strong>est</strong></span> <span class='ocrx_word' id='word_1_133' title='bbox 580 1188 666 1232; x_wconf 87' lang='lat' dir='ltr'><strong>per</strong></span> <span class='ocrx_word' id='word_1_134' title='bbox 697 1181 801 1216; x_wconf 86' lang='lat' dir='ltr'><strong>ecto</strong></span> <span class='ocrx_word' id='word_1_135' title='bbox 830 1189 1007 1230; x_wconf 70' lang='lat' dir='ltr'><strong>annos,</strong></span> <span class='ocrx_word' id='word_1_136' title='bbox 1035 1176 1269 1219; x_wconf 70' lang='lat' dir='ltr'><strong>his÷rebus</strong></span> <span class='ocrx_word' id='word_1_137' title='bbox 1300 1177 1548 1234; x_wconf 73' lang='lat' dir='ltr'><strong>praefuisse</strong></span> <span class='ocrx_word' id='word_1_138' title='bbox 1574 1184 1767 1220; x_wconf 84' lang='lat' dir='ltr'><strong>constat:</strong></span> <span class='ocrx_word' id='word_1_139' title='bbox 1795 1178 1917 1219; x_wconf 79' lang='lat' dir='ltr'><strong>intra</strong></span> <span class='ocrx_word' id='word_1_140' title='bbox 1949 1181 2061 1235; x_wconf 88' lang='lat' dir='ltr'><strong>quos</strong></span> <span class='ocrx_word' id='word_1_141' title='bbox 2091 1189 2235 1218; x_wconf 83' lang='lat' dir='ltr'><strong>annos</strong></span> 
     </span>
     <span class='ocr_line' id='line_1_15' title="bbox 256 1246 1902 1315; baseline 0.002 -17"><span class='ocrx_word' id='word_1_142' title='bbox 256 1254 489 1298; x_wconf 83' lang='lat' dir='ltr'><strong>Habronis</strong></span> <span class='ocrx_word' id='word_1_143' title='bbox 515 1255 827 1312; x_wconf 77' lang='lat' dir='ltr'><strong>magistratum</strong></span> <span class='ocrx_word' id='word_1_144' title='bbox 859 1246 1155 1312; x_wconf 75' lang='lat' dir='ltr'><strong>probabiliter</strong></span> <span class='ocrx_word' id='word_1_145' title='bbox 1184 1270 1357 1315; x_wconf 88' lang='lat' dir='ltr'><strong>ponere</strong></span> <span class='ocrx_word' id='word_1_146' title='bbox 1382 1248 1487 1298; x_wconf 85' lang='lat' dir='ltr'><strong>licet</strong></span> <span class='ocrx_word' id='word_1_147' title='bbox 1516 1254 1569 1313; x_wconf 83' lang='lat'><strong>⁵).</strong></span> <span class='ocrx_word' id='word_1_148' title='bbox 1899 1256 1902 1261; x_wconf 79' lang='grc'>’</span> 
     </span>
    </p>
   </div>
   <div class='ocr_carea' id='block_1_3' title="bbox 251 1397 2235 1869">
    <p class='ocr_par' dir='ltr' id='par_1_3' title="bbox 251 1397 2235 1869">
     <span class='ocr_line' id='line_1_16' title="bbox 386 1397 2234 1472; baseline 0.001 -18"><span class='ocrx_word' id='word_1_149' title='bbox 386 1407 450 1454; x_wconf 82' lang='lat'><strong>¹2.</strong></span> <span class='ocrx_word' id='word_1_150' title='bbox 517 1409 608 1454; x_wconf 91' lang='lat' dir='ltr'><strong>Hic</strong></span> <span class='ocrx_word' id='word_1_151' title='bbox 649 1411 888 1456; x_wconf 88' lang='lat' dir='ltr'><strong>incidimus</strong></span> <span class='ocrx_word' id='word_1_152' title='bbox 932 1412 980 1456; x_wconf 90' lang='lat' dir='ltr'><strong>in</strong></span> <span class='ocrx_word' id='word_1_153' title='bbox 1022 1414 1333 1472; x_wconf 88' lang='lat' dir='ltr'><strong>quaestionem</strong></span> <span class='ocrx_word' id='word_1_154' title='bbox 1380 1414 1714 1469; x_wconf 86' lang='lat' dir='ltr'><strong>difficillimam,</strong></span> <span class='ocrx_word' id='word_1_155' title='bbox 1764 1426 1955 1472; x_wconf 81' lang='lat' dir='ltr'><strong>eamque</strong></span> <span class='ocrx_word' id='word_1_156' title='bbox 1992 1397 2234 1457; x_wconf 83' lang='lat' dir='ltr'><strong>novissimo</strong></span> 
     </span>
     <span class='ocr_line' id='line_1_17' title="bbox 253 1487 2235 1552; baseline -0.001 -18"><span class='ocrx_word' id='word_1_157' title='bbox 253 1497 463 1549; x_wconf 87' lang='lat' dir='ltr'><strong>tempore</strong></span> <span class='ocrx_word' id='word_1_158' title='bbox 492 1506 657 1549; x_wconf 86' lang='lat' dir='ltr'><strong>magno</strong></span> <span class='ocrx_word' id='word_1_159' title='bbox 689 1506 793 1534; x_wconf 88' lang='lat' dir='ltr'><strong>cum</strong></span> <span class='ocrx_word' id='word_1_160' title='bbox 839 1492 1022 1536; x_wconf 87' lang='lat' dir='ltr'><strong>fervore</strong></span> <span class='ocrx_word' id='word_1_161' title='bbox 1063 1495 1273 1551; x_wconf 77' lang='lat' dir='ltr'><strong>agitatam</strong></span> <span class='ocrx_word' id='word_1_162' title='bbox 1306 1493 1368 1552; x_wconf 81' lang='grc'><strong>6),</strong></span> <span class='ocrx_word' id='word_1_163' title='bbox 1414 1508 1472 1536; x_wconf 83' lang='lat' dir='ltr'><strong>ex</strong></span> <span class='ocrx_word' id='word_1_164' title='bbox 1517 1510 1606 1552; x_wconf 89' lang='lat' dir='ltr'><strong>quo</strong></span> <span class='ocrx_word' id='word_1_165' title='bbox 1650 1487 1857 1550; x_wconf 85' lang='lat' dir='ltr'><strong>tempore</strong></span> <span class='ocrx_word' id='word_1_166' title='bbox 1888 1491 2129 1548; x_wconf 86' lang='lat' dir='ltr'><strong>Lycurgus</strong></span> <span class='ocrx_word' id='word_1_167' title='bbox 2177 1491 2235 1532; x_wconf 85' lang='lat' dir='ltr'><strong>ad</strong></span> 
     </span>
     <span class='ocr_line' id='line_1_18' title="bbox 251 1570 2235 1632; baseline -0.002 -17"><span class='ocrx_word' id='word_1_168' title='bbox 251 1570 365 1615; x_wconf 84' lang='lat' dir='ltr'><strong>illud</strong></span> <span class='ocrx_word' id='word_1_169' title='bbox 403 1585 570 1614; x_wconf 83' lang='lat' dir='ltr'><strong>munus</strong></span> <span class='ocrx_word' id='word_1_170' title='bbox 616 1572 943 1630; x_wconf 88' lang='lat' dir='ltr'><strong>capessendum</strong></span> <span class='ocrx_word' id='word_1_171' title='bbox 988 1576 1237 1619; x_wconf 77' lang='lat' dir='ltr'><strong>accesserit.</strong></span> <span class='ocrx_word' id='word_1_172' title='bbox 1327 1574 1575 1632; x_wconf 80' lang='lat' dir='ltr'><strong>Equidem,</strong></span> <span class='ocrx_word' id='word_1_173' title='bbox 1631 1589 1732 1616; x_wconf 87' lang='lat' dir='ltr'><strong>cnm</strong></span> <span class='ocrx_word' id='word_1_174' title='bbox 1773 1573 1971 1615; x_wconf 84' lang='lat' dir='ltr'><strong>rationes</strong></span> <span class='ocrx_word' id='word_1_175' title='bbox 2013 1570 2235 1629; x_wconf 79' lang='lat' dir='ltr'><strong>explicare</strong></span> 
     </span>
     <span class='ocr_line' id='line_1_19' title="bbox 252 1645 2232 1709; baseline -0.002 -14"><span class='ocrx_word' id='word_1_176' title='bbox 252 1652 389 1695; x_wconf 88' lang='lat' dir='ltr'><strong>huius</strong></span> <span class='ocrx_word' id='word_1_177' title='bbox 419 1652 509 1694; x_wconf 84' lang='lat' dir='ltr'><strong>toci</strong></span> <span class='ocrx_word' id='word_1_178' title='bbox 543 1666 636 1694; x_wconf 90' lang='lat' dir='ltr'><strong>non</strong></span> <span class='ocrx_word' id='word_1_179' title='bbox 668 1653 748 1707; x_wconf 85' lang='lat' dir='ltr'><strong>sit,</strong></span> <span class='ocrx_word' id='word_1_180' title='bbox 787 1653 892 1695; x_wconf 81' lang='lat' dir='ltr'><strong>satis</strong></span> <span class='ocrx_word' id='word_1_181' title='bbox 925 1653 1072 1696; x_wconf 84' lang='lat' dir='ltr'><strong>habeo</strong></span> <span class='ocrx_word' id='word_1_182' title='bbox 1107 1645 1339 1709; x_wconf 62' lang='lat' dir='ltr'><strong>confiteri,</strong></span> <span class='ocrx_word' id='word_1_183' title='bbox 1382 1654 1493 1696; x_wconf 88' lang='lat' dir='ltr'><strong>mihi</strong></span> <span class='ocrx_word' id='word_1_184' title='bbox 1520 1649 1810 1695; x_wconf 86' lang='lat' dir='ltr'><strong>Boeckhii</strong></span> <span class='ocrx_word' id='word_1_185' title='bbox 1853 1652 2232 1708; x_wconf 85' lang='lat' dir='ltr'><strong>computationem</strong></span> 
     </span>
     <span class='ocr_line' id='line_1_20' title="bbox 253 1728 2234 1790; baseline -0.003 -14"><span class='ocrx_word' id='word_1_186' title='bbox 253 1732 461 1776; x_wconf 84' lang='lat' dir='ltr'><strong>omnium</strong></span> <span class='ocrx_word' id='word_1_187' title='bbox 496 1732 692 1773; x_wconf 81' lang='lat' dir='ltr'><strong>maxime</strong></span> <span class='ocrx_word' id='word_1_188' title='bbox 720 1731 998 1789; x_wconf 82' lang='lat' dir='ltr'><strong>probabilem</strong></span> <span class='ocrx_word' id='word_1_189' title='bbox 1034 1733 1175 1777; x_wconf 85' lang='lat' dir='ltr'><strong>visam</strong></span> <span class='ocrx_word' id='word_1_190' title='bbox 1208 1746 1327 1788; x_wconf 88' lang='lat' dir='ltr'><strong>esse,</strong></span> <span class='ocrx_word' id='word_1_191' title='bbox 1370 1739 1414 1774; x_wconf 89' lang='lat' dir='ltr'><strong>et</strong></span> <span class='ocrx_word' id='word_1_192' title='bbox 1443 1747 1541 1774; x_wconf 77' lang='lat' dir='ltr'><strong>eam</strong></span> <span class='ocrx_word' id='word_1_193' title='bbox 1576 1733 1784 1790; x_wconf 87' lang='lat' dir='ltr'><strong>quidem,</strong></span> <span class='ocrx_word' id='word_1_194' title='bbox 1824 1729 1948 1789; x_wconf 83' lang='lat' dir='ltr'><strong>(nam</strong></span> <span class='ocrx_word' id='word_1_195' title='bbox 1982 1728 2234 1772; x_wconf 78' lang='lat' dir='ltr'><strong>Boeckhius</strong></span> 
     </span>
     <span class='ocr_line' id='line_1_21' title="bbox 251 1809 2235 1869; baseline -0.002 -15"><span class='ocrx_word' id='word_1_196' title='bbox 251 1812 449 1854; x_wconf 80' lang='lat' dir='ltr'><strong>liberum</strong></span> <span class='ocrx_word' id='word_1_197' title='bbox 490 1811 576 1853; x_wconf 87' lang='lat' dir='ltr'><strong>sibi</strong></span> <span class='ocrx_word' id='word_1_198' title='bbox 614 1813 808 1854; x_wconf 85' lang='lat' dir='ltr'><strong>servavit</strong></span> <span class='ocrx_word' id='word_1_199' title='bbox 844 1812 925 1853; x_wconf 87' lang='lat' dir='ltr'><strong>has</strong></span> <span class='ocrx_word' id='word_1_200' title='bbox 968 1813 1060 1855; x_wconf 84' lang='lat' dir='ltr'><strong>sive</strong></span> <span class='ocrx_word' id='word_1_201' title='bbox 1099 1814 1308 1869; x_wconf 86' lang='lat' dir='ltr'><strong>proxime</strong></span> <span class='ocrx_word' id='word_1_202' title='bbox 1346 1813 1662 1855; x_wconf 81' lang='lat' dir='ltr'><strong>antecedentes</strong></span> <span class='ocrx_word' id='word_1_203' title='bbox 1703 1811 1998 1867; x_wconf 85' lang='lat' dir='ltr'><strong>Olympiades</strong></span> <span class='ocrx_word' id='word_1_204' title='bbox 2039 1809 2235 1865; x_wconf 85' lang='lat' dir='ltr'><strong>eligere,)</strong></span> 
     </span>
    </p>
   </div>
   <div class='ocr_carea' id='block_1_4' title="bbox 254 1888 2234 1951">
    <p class='ocr_par' dir='ltr' id='par_1_4' title="bbox 254 1888 2234 1951">
     <span class='ocr_line' id='line_1_22' title="bbox 254 1888 2234 1951; baseline -0.002 -17"><span class='ocrx_word' id='word_1_205' title='bbox 254 1904 311 1934; x_wconf 81' lang='lat' dir='ltr'><strong>ex</strong></span> <span class='ocrx_word' id='word_1_206' title='bbox 353 1905 444 1950; x_wconf 79' lang='lat' dir='ltr'><strong>qua</strong></span> <span class='ocrx_word' id='word_1_207' title='bbox 487 1888 726 1948; x_wconf 78' lang='lat' dir='ltr'><strong>Lycurgus</strong></span> <span class='ocrx_word' id='word_1_208' title='bbox 770 1888 826 1932; x_wconf 86' lang='lat' dir='ltr'><strong>ab</strong></span> <span class='ocrx_word' id='word_1_209' title='bbox 870 1888 1154 1951; x_wconf 84' lang='lat' dir='ltr'><strong>Olympiadis</strong></span> <span class='ocrx_word' id='word_1_210' title='bbox 1197 1891 1293 1935; x_wconf 91' lang='lat' dir='ltr'><strong>CX.</strong></span> <span class='ocrx_word' id='word_1_211' title='bbox 1337 1892 1444 1935; x_wconf 87' lang='lat' dir='ltr'><strong>inde</strong></span> <span class='ocrx_word' id='word_1_212' title='bbox 1481 1907 1519 1934; x_wconf 85' lang='lat' dir='ltr'><strong>a.</strong></span> <span class='ocrx_word' id='word_1_213' title='bbox 1550 1899 1593 1941; x_wconf 88' lang='lat'><strong>3.</strong></span> <span class='ocrx_word' id='word_1_214' title='bbox 1650 1904 1790 1948; x_wconf 88' lang='lat' dir='ltr'><strong>usque</strong></span> <span class='ocrx_word' id='word_1_215' title='bbox 1832 1888 1891 1931; x_wconf 86' lang='lat' dir='ltr'><strong>ad</strong></span> <span class='ocrx_word' id='word_1_216' title='bbox 1924 1888 2082 1933; x_wconf 87' lang='lat' dir='ltr'><strong>CXIII.</strong></span> <span class='ocrx_word' id='word_1_217' title='bbox 2128 1903 2167 1932; x_wconf 84' lang='lat' dir='ltr'><strong>a.</strong></span> <span class='ocrx_word' id='word_1_218' title='bbox 2192 1895 2234 1938; x_wconf 88' lang='lat'><strong>3.</strong></span> 
     </span>
    </p>
   </div>
   <div class='ocr_carea' id='block_1_5' title="bbox 322 2068 2237 2824">
    <p class='ocr_par' dir='ltr' id='par_1_5' title="bbox 322 2068 2005 2126">
     <span class='ocr_line' id='line_1_23' title="bbox 322 2068 2005 2126; baseline 0 -15"><span class='ocrx_word' id='word_1_219' title='bbox 322 2073 373 2125; x_wconf 89' lang='lat'><strong>3)</strong></span> <span class='ocrx_word' id='word_1_220' title='bbox 400 2068 771 2125; x_wconf 75' lang='grc' dir='ltr'><strong><em>Πολιτευσάμενον</em></strong></span> <span class='ocrx_word' id='word_1_221' title='bbox 799 2073 1012 2126; x_wconf 76' lang='grc' dir='ltr'><strong><em>ἐπιφανῶς</em></strong></span> <span class='ocrx_word' id='word_1_222' title='bbox 1042 2072 1142 2111; x_wconf 83' lang='lat' dir='ltr'><strong>dicit</strong></span> <span class='ocrx_word' id='word_1_223' title='bbox 1169 2071 1278 2110; x_wconf 88' lang='lat' dir='ltr'><strong>idem</strong></span> <span class='ocrx_word' id='word_1_224' title='bbox 1311 2071 1502 2109; x_wconf 76' lang='lat' dir='ltr'><strong>Vitarnm</strong></span> <span class='ocrx_word' id='word_1_225' title='bbox 1535 2070 1591 2109; x_wconf 86' lang='lat' dir='ltr'><strong>X.</strong></span> <span class='ocrx_word' id='word_1_226' title='bbox 1621 2081 1822 2111; x_wconf 77' lang='lat' dir='ltr'><strong>oratorum</strong></span> <span class='ocrx_word' id='word_1_227' title='bbox 1856 2079 2005 2111; x_wconf 74' lang='lat' dir='ltr'><strong>auctor.</strong></span> 
     </span>
    </p>

    <p class='ocr_par' dir='ltr' id='par_1_6' title="bbox 324 2137 2237 2263">
     <span class='ocr_line' id='line_1_24' title="bbox 324 2137 2237 2196; baseline -0.002 -13"><span class='ocrx_word' id='word_1_228' title='bbox 324 2146 368 2194; x_wconf 80' lang='grc'><strong>4)</strong></span> <span class='ocrx_word' id='word_1_229' title='bbox 395 2144 456 2183; x_wconf 78' lang='lat' dir='ltr'><strong>Ita</strong></span> <span class='ocrx_word' id='word_1_230' title='bbox 486 2145 603 2181; x_wconf 78' lang='lat' dir='ltr'><strong>verbe</strong></span> <span class='ocrx_word' id='word_1_231' title='bbox 636 2143 1038 2183; x_wconf 77' lang='lat' dir='ltr'><strong>Pseudo-Plutarchi</strong></span> <span class='ocrx_word' id='word_1_232' title='bbox 1073 2157 1113 2195; x_wconf 87' lang='lat' dir='ltr'><strong>p.</strong></span> <span class='ocrx_word' id='word_1_233' title='bbox 1139 2147 1231 2186; x_wconf 85' lang='lat'><strong>251.</strong></span> <span class='ocrx_word' id='word_1_234' title='bbox 1271 2142 1352 2182; x_wconf 74' lang='grc' dir='ltr'><strong>τῶν</strong></span> <span class='ocrx_word' id='word_1_235' title='bbox 1384 2143 1513 2194; x_wconf 78' lang='grc' dir='ltr'><strong><em>φίλων</em></strong></span> <span class='ocrx_word' id='word_1_236' title='bbox 1552 2137 1899 2196; x_wconf 73' lang='grc' dir='ltr'><strong><em>ἐπιγραψάμενός</em></strong></span> <span class='ocrx_word' id='word_1_237' title='bbox 1925 2157 2047 2190; x_wconf 75' lang='grc' dir='ltr'><strong><em>τινα,</em></strong></span> <span class='ocrx_word' id='word_1_238' title='bbox 2083 2138 2237 2180; x_wconf 80' lang='lat' dir='ltr'><strong>intelli-</strong></span> 
     </span>
     <span class='ocr_line' id='line_1_25' title="bbox 395 2213 657 2263; baseline -0.008 -11"><span class='ocrx_word' id='word_1_239' title='bbox 395 2213 522 2263; x_wconf 77' lang='lat' dir='ltr'><strong>genda</strong></span> <span class='ocrx_word' id='word_1_240' title='bbox 553 2222 657 2251; x_wconf 80' lang='lat' dir='ltr'><strong>sunt.</strong></span> 
     </span>
    </p>

    <p class='ocr_par' dir='ltr' id='par_1_7' title="bbox 324 2278 2237 2475">
     <span class='ocr_line' id='line_1_26' title="bbox 324 2278 2236 2335; baseline -0.002 -14"><span class='ocrx_word' id='word_1_241' title='bbox 324 2281 366 2335; x_wconf 88' lang='lat'><strong>5)</strong></span> <span class='ocrx_word' id='word_1_242' title='bbox 388 2282 528 2321; x_wconf 33' lang='lat' dir='ltr'><strong>*Etiam</strong></span> <span class='ocrx_word' id='word_1_243' title='bbox 555 2282 664 2335; x_wconf 90' lang='lat' dir='ltr'><strong>quod</strong></span> <span class='ocrx_word' id='word_1_244' title='bbox 690 2281 876 2332; x_wconf 81' lang='lat' dir='ltr'><strong>Lycurgo</strong></span> <span class='ocrx_word' id='word_1_245' title='bbox 902 2288 1064 2321; x_wconf 80' lang='lat' dir='ltr'><strong>mortuo</strong></span> <span class='ocrx_word' id='word_1_246' title='bbox 1080 2280 1358 2321; x_wconf 80' lang='lat' dir='ltr'><strong>Athenienses</strong></span> <span class='ocrx_word' id='word_1_247' title='bbox 1387 2282 1435 2320; x_wconf 78' lang='lat' dir='ltr'><strong>ab</strong></span> <span class='ocrx_word' id='word_1_248' title='bbox 1461 2280 1785 2320; x_wconf 80' lang='lat' dir='ltr'><strong>adversariorum</strong></span> <span class='ocrx_word' id='word_1_249' title='bbox 1813 2278 1990 2327; x_wconf 82' lang='lat' dir='ltr'><strong>factione</strong></span> <span class='ocrx_word' id='word_1_250' title='bbox 2012 2293 2062 2320; x_wconf 89' lang='lat' dir='ltr'><strong>eo</strong></span> <span class='ocrx_word' id='word_1_251' title='bbox 2079 2279 2236 2319; x_wconf 80' lang='lat' dir='ltr'><strong>adducti</strong></span> 
     </span>
     <span class='ocr_line' id='line_1_27' title="bbox 397 2349 2237 2406; baseline -0.001 -16"><span class='ocrx_word' id='word_1_252' title='bbox 397 2360 514 2399; x_wconf 86' lang='lat' dir='ltr'><strong>sunt,</strong></span> <span class='ocrx_word' id='word_1_253' title='bbox 550 2359 595 2390; x_wconf 85' lang='lat' dir='ltr'><strong>ut</strong></span> <span class='ocrx_word' id='word_1_254' title='bbox 621 2353 734 2391; x_wconf 82' lang='lat' dir='ltr'><strong>filios</strong></span> <span class='ocrx_word' id='word_1_255' title='bbox 762 2354 877 2397; x_wconf 82' lang='lat' dir='ltr'><strong>illius</strong></span> <span class='ocrx_word' id='word_1_256' title='bbox 914 2353 1207 2392; x_wconf 76' lang='lat' dir='ltr'><strong>undecimviris</strong></span> <span class='ocrx_word' id='word_1_257' title='bbox 1234 2353 1458 2400; x_wconf 81' lang='lat' dir='ltr'><strong>traderent,</strong></span> <span class='ocrx_word' id='word_1_258' title='bbox 1496 2353 1565 2406; x_wconf 82' lang='lat' dir='ltr'><strong>qui</strong></span> <span class='ocrx_word' id='word_1_259' title='bbox 1591 2350 1684 2392; x_wconf 80' lang='lat' dir='ltr'><strong>fieri</strong></span> <span class='ocrx_word' id='word_1_260' title='bbox 1711 2352 1891 2406; x_wconf 80' lang='lat' dir='ltr'><strong>potuerit</strong></span> <span class='ocrx_word' id='word_1_261' title='bbox 1915 2349 2075 2391; x_wconf 72' lang='lat' dir='ltr'><strong>facilius</strong></span> <span class='ocrx_word' id='word_1_262' title='bbox 2105 2351 2237 2390; x_wconf 83' lang='lat' dir='ltr'><strong>intel-</strong></span> 
     </span>
     <span class='ocr_line' id='line_1_28' title="bbox 397 2411 2235 2475; baseline 0 -16"><span class='ocrx_word' id='word_1_263' title='bbox 397 2422 474 2472; x_wconf 87' lang='lat' dir='ltr'><strong>ligi</strong></span> <span class='ocrx_word' id='word_1_264' title='bbox 502 2423 676 2475; x_wconf 86' lang='lat' dir='ltr'><strong>poterit‚</strong></span> <span class='ocrx_word' id='word_1_265' title='bbox 714 2423 889 2462; x_wconf 78' lang='lat' dir='ltr'><strong>si-filios</strong></span> <span class='ocrx_word' id='word_1_266' title='bbox 919 2423 1045 2475; x_wconf 80' lang='lat' dir='ltr'><strong>patris</strong></span> <span class='ocrx_word' id='word_1_267' title='bbox 1068 2423 1113 2462; x_wconf 88' lang='lat' dir='ltr'><strong>in</strong></span> <span class='ocrx_word' id='word_1_268' title='bbox 1139 2422 1623 2475; x_wconf 63' lang='lat' dir='ltr'><strong>gubernandasepublica</strong></span> <span class='ocrx_word' id='word_1_269' title='bbox 1649 2423 1784 2461; x_wconf 84' lang='lat' dir='ltr'><strong>socios</strong></span> <span class='ocrx_word' id='word_1_270' title='bbox 1811 2411 2235 2475; x_wconf 75' lang='lat' dir='ltr'><strong>fuisseposuerimus.</strong></span> 
     </span>
    </p>

    <p class='ocr_par' dir='ltr' id='par_1_8' title="bbox 325 2489 2237 2824">
     <span class='ocr_line' id='line_1_29' title="bbox 325 2489 2237 2546; baseline -0.001 -16"><span class='ocrx_word' id='word_1_271' title='bbox 325 2491 369 2546; x_wconf 85' lang='lat'><strong>6)</strong></span> <span class='ocrx_word' id='word_1_272' title='bbox 395 2492 495 2537; x_wconf 86' lang='lat' dir='ltr'><strong>Post</strong></span> <span class='ocrx_word' id='word_1_273' title='bbox 522 2491 853 2532; x_wconf 86' lang='lat' dir='ltr'><strong>Boeckhium</strong></span> <span class='ocrx_word' id='word_1_274' title='bbox 880 2492 929 2531; x_wconf 89' lang='lat' dir='ltr'><strong>de</strong></span> <span class='ocrx_word' id='word_1_275' title='bbox 958 2490 1107 2531; x_wconf 82' lang='lat' dir='ltr'><strong>Oecon.</strong></span> <span class='ocrx_word' id='word_1_276' title='bbox 1134 2489 1286 2532; x_wconf 82' lang='lat' dir='ltr'><strong>Athen.</strong></span> <span class='ocrx_word' id='word_1_277' title='bbox 1304 2491 1359 2532; x_wconf 88' lang='grc' dir='ltr'><strong>ΙΙ.</strong></span> <span class='ocrx_word' id='word_1_278' title='bbox 1386 2506 1426 2546; x_wconf 88' lang='lat' dir='ltr'><strong>p.</strong></span> <span class='ocrx_word' id='word_1_279' title='bbox 1444 2492 1536 2537; x_wconf 69' lang='lat'><strong>2&#39;44.</strong></span> <span class='ocrx_word' id='word_1_280' title='bbox 1567 2492 1616 2531; x_wconf 86' lang='lat' dir='ltr'><strong>de</strong></span> <span class='ocrx_word' id='word_1_281' title='bbox 1639 2491 1778 2531; x_wconf 75' lang='lat' dir='ltr'><strong>eedem</strong></span> <span class='ocrx_word' id='word_1_282' title='bbox 1804 2505 1848 2532; x_wconf 89' lang='lat' dir='ltr'><strong>re</strong></span> <span class='ocrx_word' id='word_1_283' title='bbox 1877 2491 2070 2532; x_wconf 80' lang='lat' dir='ltr'><strong>dixerunt</strong></span> <span class='ocrx_word' id='word_1_284' title='bbox 2094 2490 2132 2530; x_wconf 84' lang='lat' dir='ltr'><strong>J.</strong></span> <span class='ocrx_word' id='word_1_285' title='bbox 2149 2490 2237 2530; x_wconf 71' lang='lat' dir='ltr'><strong>Ba-</strong></span> 
     </span>
     <span class='ocr_line' id='line_1_30' title="bbox 398 2560 2236 2616; baseline 0 -16"><span class='ocrx_word' id='word_1_286' title='bbox 398 2562 546 2610; x_wconf 69' lang='lat' dir='ltr'><strong>hius,</strong></span> <span class='ocrx_word' id='word_1_287' title='bbox 582 2562 776 2604; x_wconf 84' lang='lat' dir='ltr'><strong>Biblioth.</strong></span> <span class='ocrx_word' id='word_1_288' title='bbox 805 2562 894 2607; x_wconf 83' lang='lat' dir='ltr'><strong>crit.</strong></span> <span class='ocrx_word' id='word_1_289' title='bbox 914 2575 1022 2601; x_wconf 78' lang='lat' dir='ltr'><strong>nova</strong></span> <span class='ocrx_word' id='word_1_290' title='bbox 1048 2561 1105 2601; x_wconf 86' lang='lat' dir='ltr'><strong>V.</strong></span> <span class='ocrx_word' id='word_1_291' title='bbox 1133 2575 1173 2601; x_wconf 78' lang='lat' dir='ltr'><strong>v.</strong></span> <span class='ocrx_word' id='word_1_292' title='bbox 1201 2576 1241 2615; x_wconf 89' lang='lat' dir='ltr'><strong>p.</strong></span> <span class='ocrx_word' id='word_1_293' title='bbox 1258 2567 1337 2606; x_wconf 84' lang='lat'><strong>456</strong></span> <span class='ocrx_word' id='word_1_294' title='bbox 1354 2577 1442 2616; x_wconf 85' lang='lat' dir='ltr'><strong>sqq.</strong></span> <span class='ocrx_word' id='word_1_295' title='bbox 1495 2560 1546 2601; x_wconf 85' lang='lat' dir='ltr'><strong>A.</strong></span> <span class='ocrx_word' id='word_1_296' title='bbox 1574 2561 1616 2600; x_wconf 82' lang='lat' dir='ltr'><strong>F.</strong></span> <span class='ocrx_word' id='word_1_297' title='bbox 1645 2562 1837 2601; x_wconf 86' lang='lat' dir='ltr'><strong>Nissen</strong></span> <span class='ocrx_word' id='word_1_298' title='bbox 1864 2561 1915 2601; x_wconf 91' lang='lat' dir='ltr'><strong>de</strong></span> <span class='ocrx_word' id='word_1_299' title='bbox 1941 2561 2116 2613; x_wconf 80' lang='lat' dir='ltr'><strong>Lycurgi</strong></span> <span class='ocrx_word' id='word_1_300' title='bbox 2143 2576 2236 2600; x_wconf 77' lang='lat' dir='ltr'><strong>ora-</strong></span> 
     </span>
     <span class='ocr_line' id='line_1_31' title="bbox 397 2630 2235 2687; baseline -0.001 -17"><span class='ocrx_word' id='word_1_301' title='bbox 397 2633 504 2671; x_wconf 82' lang='lat' dir='ltr'><strong>toris</strong></span> <span class='ocrx_word' id='word_1_302' title='bbox 547 2633 630 2670; x_wconf 81' lang='lat' dir='ltr'><strong>vita</strong></span> <span class='ocrx_word' id='word_1_303' title='bbox 670 2647 712 2685; x_wconf 88' lang='lat' dir='ltr'><strong>p.</strong></span> <span class='ocrx_word' id='word_1_304' title='bbox 732 2642 782 2677; x_wconf 86' lang='lat'><strong>10</strong></span> <span class='ocrx_word' id='word_1_305' title='bbox 803 2646 892 2687; x_wconf 88' lang='lat' dir='ltr'><strong>sqq.</strong></span> <span class='ocrx_word' id='word_1_306' title='bbox 945 2631 1013 2672; x_wconf 82' lang='lat' dir='ltr'><strong>Fr.</strong></span> <span class='ocrx_word' id='word_1_307' title='bbox 1040 2630 1091 2671; x_wconf 89' lang='lat' dir='ltr'><strong>G.</strong></span> <span class='ocrx_word' id='word_1_308' title='bbox 1114 2631 1403 2682; x_wconf 88' lang='lat' dir='ltr'><strong>Kiessling</strong></span> <span class='ocrx_word' id='word_1_309' title='bbox 1450 2631 1626 2682; x_wconf 81' lang='lat' dir='ltr'><strong>Lycurgi</strong></span> <span class='ocrx_word' id='word_1_310' title='bbox 1668 2631 1968 2685; x_wconf 80' lang='lat' dir='ltr'><strong>deperditarum</strong></span> <span class='ocrx_word' id='word_1_311' title='bbox 2007 2631 2235 2670; x_wconf 76' lang='lat' dir='ltr'><strong>orationum</strong></span> 
     </span>
     <span class='ocr_line' id='line_1_32' title="bbox 397 2700 2236 2757; baseline -0.003 -14"><span class='ocrx_word' id='word_1_312' title='bbox 397 2700 625 2754; x_wconf 71' lang='lat' dir='ltr'><strong>fragmenta</strong></span> <span class='ocrx_word' id='word_1_313' title='bbox 652 2716 692 2756; x_wconf 89' lang='lat' dir='ltr'><strong>p.</strong></span> <span class='ocrx_word' id='word_1_314' title='bbox 705 2708 759 2747; x_wconf 85' lang='grc'><strong>78</strong></span> <span class='ocrx_word' id='word_1_315' title='bbox 775 2717 861 2756; x_wconf 85' lang='lat' dir='ltr'><strong>sqq.</strong></span> <span class='ocrx_word' id='word_1_316' title='bbox 915 2701 1124 2752; x_wconf 73' lang='lat' dir='ltr'><strong>Lhardy</strong></span> <span class='ocrx_word' id='word_1_317' title='bbox 1150 2702 1200 2741; x_wconf 90' lang='lat' dir='ltr'><strong>de</strong></span> <span class='ocrx_word' id='word_1_318' title='bbox 1228 2701 1407 2745; x_wconf 77' lang='lat' dir='ltr'><strong>Demade</strong></span> <span class='ocrx_word' id='word_1_319' title='bbox 1431 2716 1473 2756; x_wconf 86' lang='lat' dir='ltr'><strong>p.</strong></span> <span class='ocrx_word' id='word_1_320' title='bbox 1490 2708 1543 2746; x_wconf 83' lang='lat'><strong>31</strong></span> <span class='ocrx_word' id='word_1_321' title='bbox 1559 2714 1659 2757; x_wconf 66' lang='lat' dir='ltr'><strong>sqq„</strong></span> <span class='ocrx_word' id='word_1_322' title='bbox 1686 2715 1857 2756; x_wconf 85' lang='lat' dir='ltr'><strong>quorum</strong></span> <span class='ocrx_word' id='word_1_323' title='bbox 1885 2701 2103 2756; x_wconf 83' lang='lat' dir='ltr'><strong>opiniones</strong></span> <span class='ocrx_word' id='word_1_324' title='bbox 2130 2702 2236 2739; x_wconf 82' lang='lat' dir='ltr'><strong>inter</strong></span> 
     </span>
     <span class='ocr_line' id='line_1_33' title="bbox 398 2764 1553 2824; baseline 0.001 -13"><span class='ocrx_word' id='word_1_325' title='bbox 398 2786 442 2812; x_wconf 83' lang='lat' dir='ltr'><strong>se</strong></span> <span class='ocrx_word' id='word_1_326' title='bbox 469 2774 636 2813; x_wconf 72' lang='lat' dir='ltr'><strong>collatas</strong></span> <span class='ocrx_word' id='word_1_327' title='bbox 660 2764 893 2824; x_wconf 61' lang='lat' dir='ltr'><strong>exeininavi</strong></span> <span class='ocrx_word' id='word_1_328' title='bbox 921 2773 963 2811; x_wconf 93' lang='lat' dir='ltr'><strong>in</strong></span> <span class='ocrx_word' id='word_1_329' title='bbox 995 2770 1127 2811; x_wconf 76' lang='lat' dir='ltr'><strong>Relat.</strong></span> <span class='ocrx_word' id='word_1_330' title='bbox 1166 2770 1351 2821; x_wconf 68' lang='lat' dir='ltr'><strong>Gotting·</strong></span> <span class='ocrx_word' id='word_1_331' title='bbox 1381 2785 1416 2810; x_wconf 81' lang='lat' dir='ltr'><strong>a.</strong></span> <span class='ocrx_word' id='word_1_332' title='bbox 1437 2776 1553 2815; x_wconf 78' lang='lat'><strong>1836.</strong></span> 
     </span>
    </p>
   </div>
  </div>
 </body>
</html>
