2509 3028
191 45 202 49 ’
266 47 342 119 mi
382 75 723 134 nummis
760 74 1123 155 umanum
1146 75 1529 130 Qumonns
1566 77 1920 126 msrochn,
1959 76 2080 116 erc.
2192 84 2244 121 δι

264 194 437 250 bellum
466 191 727 250 Alexandro
755 207 852 237 non
881 193 1147 239 indixissent
1176 194 1395 253 quidem,
1427 196 1508 239 sed
1546 202 1786 241 moverent
1809 201 1964 239 tamen
1963 224 1992 270 ,
2029 194 2176 236 donec
2203 193 2243 234 is

265 276 469 334 impetus
483 260 766 326 Thebarum
776 273 1006 329 inccndio
1023 274 1391 332 restingueretur.
1453 274 1559 318 Hoc
1587 275 1710 320 enim
1741 281 1946 331 tempore
1976 260 2243 332 Lycurgum

265 369 370 408 cum
394 348 717 411 Demosthene
725 349 1067 410 Macedonibus.
1086 353 1292 414 maxime
1317 353 1604 400 adversatum
1634 367 1729 398 esse
1761 358 1937 417 constat
1952 349 2031 412 1⁵).
2095 345 2245 407 Quic-

265 434 391 494 quid
403 433 561 487 autem
593 430 679 472 hac
707 430 769 473 de
786 443 864 473 re
858 432 1122 488 statum-is,
1135 436 1240 487 eam
1272 432 1385 476 nihil
1413 435 1642 491 pertinere
1669 432 1880 476 existimo
1911 432 1971 474 ad
1998 444 2108 473 eam.
2131 444 2242 472 mu-

262 517 441 559 rorum
451 509 871 564 instauratidnem,
887 509 968 560 de
979 506 1083 568 (flia
1094 511 1236 565 titulo.
1272 518 1429 556 nostro
1460 514 1618 570 agitur.
1679 512 1814 555 Hanc
1852 510 1976 553 enim
2006 522 2102 552 ιιοιι
2131 507 2238 551 beni

263 589 526 642 necessitate
558 593 761 646 urgente.
770 588 960 646 suscipi,
1000 588 1082 632 sed
1111 588 1337 635 invitante
1361 590 1454 633 ctio
1484 590 1632 648 pacis,
1678 595 1723 632 et
1752 589 1807 632 iis
1835 588 2040 648 quidem
2051 592 2240 643 tempo-

263 669 416 728 ribus,
450 662 623 726 quibus
645 664 993 714 Atheniensium
1034 669 1260 713 aerarium
1306 685 1334 713 a
1359 668 1591 727 Lycurgo
1599 669 1689 711 iam
1719 668 1785 711 ita
1819 667 2079 711 restitutum
2110 670 2242 717 esset,

264 755 317 800 ιιι
342 747 488 791 etiam
518 745 777 791 futurorum
808 735 1068 805 temporum
1098 749 1322 792 occasioni
1352 749 1582 806 provideri
1611 753 1784 805 posset,
1824 747 1933 790 inde
1959 740 2243 801 intelligitur,

232 845 235 848 ’
264 827 387 885 quod
427 827 475 869 in
515 824 720 868 extremo
773 825 915 868 titulo
949 827 1263 889 constituitur,
1319 827 1430 884 quid
1468 827 1644 884 primo,
1691 826 1917 878 secundo,
1954 825 2092 867 tertio
2120 836 2243 866 anno

263 919 415 964 usque
438 905 497 948 ad
525 904 732 963 quintum
759 902 1038 949 faciendum
1050 905 1154 948 sit.
1181 904 1286 949 Hoc
1314 906 1510 950 alienum
1543 907 1640 951 esse
1670 922 1700 950 a
1732 904 1932 959 tumultu
1961 894 2083 957 belli,
2108 900 2243 945 facile

263 984 543 1043 intelligitur.

407 1104 460 1151 4.
529 1107 661 1163 Quae
691 1113 795 1166 post
825 1108 944 1163 haec⁸
979 1114 1187 1168 tempora
1215 1098 1506 1165 Athenarum
1536 1110 1680 1155 muris
1721 1108 2006 1163 acciderunt,
2047 1120 2152 1149 cum
2184 1099 2264 1150 ad¹

269 1185 450 1230 titulum
495 1186 619 1229 hunc
660 1187 977 1245 explicandum
1020 1178 1132 1230 nihil
1171 1188 1365 1243 faciant,
1412 1191 1564 1249 paucis
1603 1188 1751 1239 verbis
1772 1183 2243 1245 *complecfimur‘lssz

261 1268 544 1309 munimenta
571 1266 651 1328 illa
682 1267 775 1310 sive
805 1267 986 1309 castella
1015 1282 1043 1312 a
1073 1267 1401 1325 Macedonibus
1430 1269 1479 1310 in
1510 1267 1763 1324 Munychia
1790 1265 2029 1323 peninsula
2059 1272 2106 1307 et
2129 1263 2243 1308 Mu-

262 1358 340 1388 seo
371 1345 485 1387 colle
514 1345 633 1386 intra
658 1343 818 1386 urbem
853 1344 1058 1401 condita3
1096 1345 1256 1403 longos
1283 1360 1438 1388 muros
1467 1346 1527 1387 ita
1560 1345 1813 1403 neglectos,
1846 1350 1898 1387 ut
1921 1345 2012 1388 iam
2045 1343 2242 1402 Philippi

263 1423 349 1472 τοῦ
378 1418 689 1486 μισορωμᾳίου
720 1428 926 1480 tempore
957 1424 1162 1490 semiruti
1185 1431 1333 1468 essent
1357 1424 1442 1484 l⁷),
1472 1424 1609 1482 plane
1646 1424 1816 1467 deletos
1857 1430 2007 1466 autem
2042 1437 2072 1465 a
2103 1421 2241 1475 Sulla,

263 1501 477 1560 qui-iude
509 1516 618 1545 saxa
649 1502 977 1561 materiemque
1010 1484 1069 1545 ad
1113 1503 1395 1547 obsidionem
1427 1503 1604 1547 Piraeei
1636 1503 1882 1559 convertit,
1924 1503 2051 1544 cuius
2081 1500 2241 1543 muni-

206 1622 213 1631 ,
264 1587 420 1624 menta
452 1587 635 1639 postea,
667 1595 771 1628 cum
803 1581 947 1626 victor
982 1583 1207 1641 ingressus
1247 1590 1388 1640 esset,
1428 1584 1600 1642 pariter
1639 1583 1795 1625 diruit·
1838 1596 1928 1640 quo
1974 1581 2148 1623 sactum
2188 1585 2242 1622 ut

262 1660 500 1713 Romanis‘
518 1661 760 1704 Graeciam
794 1660 1101 1705 obtinentibus
1133 1664 1387 1721 emporium
1415 1661 1697 1706 Athenarum
1733 1654 2026 1704 munimentis
2064 1664 2241 1703 careret

263 1745 309 1784 et
337 1739 447 1783 urbs
477 1745 653 1793 tantum
688 1740 829 1782 muris
860 1740 1008 1784 cincta
1040 1747 1180 1803 esset,
1218 1743 1299 1799 qui
1332 1756 1474 1801 usque
1500 1743 1559 1785 ad
1591 1756 1644 1785 ea
1665 1748 1905 1803 tempora,
1954 1738 2117 1798 quibus
2148 1737 2238 1780 bo-

263 1818 456 1862 realium
513 1826 740 1862 terrarum
791 1825 947 1877 gentes
988 1819 1307 1864 Romanorum
1351 1821 1594 1881 imperium
1620 1820 2020 1879 proculcaverunt,
2052 1818 2239 1861 durasse

261 1898 486 1943 videntur.
512 1936 515 1938 .

407 2021 459 2068 5.
525 2025 627 2067 Jam
660 2025 782 2083 quod
814 2026 973 2068 attinet
1002 2026 1071 2071 ad,
1092 2026 1207 2069 tituli
1239 2027 1462 2082 formam,
1514 2028 1762 2085 scripturae
1799 2040 1939 2083 genus
1974 2031 2130 2081 aperte
2156 2037 2240 2064 re·-

264 2105 436 2148 centius
468 2105 685 2147 archonte
715 2104 926 2161 Euclide,
967 2107 1069 2149 sedx
1090 2106 1238 2150 bonae
1264 2114 1413 2150 tamen
1446 2112 1583 2150 notae
1617 2114 1686 2150 est
1712 2121 1858 2164 neque
1890 2107 1938 2148 in
1969 2103 2064 2155 ulla
2098 2117 2148 2144 re
2181 2101 2237 2143 ab

310 2294 378 2348 15)
408 2294 604 2335 Demades
631 2294 682 2333 de
714 2294 945 2334 dodecaetio
974 2294 1122 2347 §.17.‚
1158 2296 1271 2334 cuius
1298 2297 1418 2334 verba
1445 2296 1492 2334 ad
1530 2303 1688 2350 tempus
1724 2297 1956 2350 proximum
1991 2301 2084 2333 ante
2123 2294 2238 2344 exci—

403 2362 516 2402 dium
543 2362 771 2401 Thebarum
806 2370 1000 2416 spectant.
1051 2361 1331 2404 Alexandrum
1355 2365 1432 2403 hoc
1461 2372 1643 2417 tempore
1670 2365 1897 2416 Lycurgum
1925 2365 2031 2402 inter
2055 2369 2237 2402 oratores

359 2451 364 2454 ·
403 2432 482 2471 sibi
508 2432 761 2482 adversarios
786 2431 1073 2485 depoposcisse
1100 2439 1243 2473 notum
1267 2422 1341 2473 est.
2201 2420 2210 2438 ⁸

303 2517 374 2565 16)
400 2514 525 2568 Quod
556 2516 600 2555 in
637 2516 728 2566 lege
764 2515 935 2555 secunda
971 2506 1131 2556 annexa
1165 2518 1277 2557 Vitis
1305 2516 1367 2557 X.
1403 2515 1531 2556 Orati.
1557 2517 1711 2556 Laches
1739 2516 1984 2555 Demochari
2022 2514 2128 2567 patri
2166 2526 2236 2549 suo

396 2591 567 2628 statuam
588 2586 722 2639 poscit
749 2593 918 2640 propter
941 2579 1171 2641 ὀἰκοδομὴν
1195 2589 1368 2644 τειχῶν,
1393 2581 1660 2641 παρασκευὴν
1688 2582 1851 2634 ὅπλων,
1892 2585 1935 2624 id
1970 2584 2020 2624 ‘d
2054 2590 2234 2635 ¹⁰¹¹³P⁰¹“³

379 2654 580 2699 >civitatis
607 2657 781 2709 pertinet
806 2654 1043 2696 Alexandro
1069 2663 1176 2695 certe
1202 2658 1407 2711 aliquanto
1436 2654 1657 2715 inferiora..

302 2734 369 2781 17)
397 2732 542 2773 Livius
570 2734 757 2784 XXXI,
782 2740 847 2780 26.
