2509 3028
325 123 398 164 DE
436 121 776 166 MUNIMENTIS
812 120 1162 165 ATHENARUM
1195 114 1581 176 >QUAEsT10NEs
1620 120 1972 174 HISTORICEA‚
2014 98 2132 162 Ere.
2194 131 2245 168 13

272 256 358 294 nec
387 256 485 286 non
510 223 838 300 Aristophanes
853 272 866 296 ‚
911 240 1037 285 cuius
1058 238 1115 285 lin
1146 240 1586 300 Nephelococcygia,
1628 247 1815 287 ventoso
1854 240 1930 284 illo
1962 238 2246 285 Athenarum

269 320 403 373 urbis
434 321 639 381 spectro,
680 335 850 371 ,murus
889 322 938 364 in
960 319 1493 380 jfu'ndamentol‘lap'ideo
1511 334 1584 363 -ex
1621 320 1837 363 lateribus
1868 320 1964 362 luto
1997 321 2246 364 commissis

270 402 495 460 extruitur
528 397 621 455 5⁶),
673 401 807 443 etiam
850 398 1203 459 Demosthenes,
1250 399 1341 456 qui.
1359 413 1452 441 non
1483 399 1708 456 lapidibus
1744 413 1892 457 neque
1918 398 2133 443 lateribus
2162 413 2246 443 ur—

267 481 374 524 bem
414 492 466 523 se
505 479 888 535 communivisse‚·
919 462 1001 522 sed
1032 478 1158 521 omni
1188 491 1355 535 genere
1386 477 1689 521 subsidiorum
1717 485 1763 521 et
1786 477 2060 521 bellicarum·
2080 478 2246 522 virium

267 572 371 603 eam
404 571 454 601 se
478 557 680 601 firmasse
708 557 948 616 profitetur
964 556 1042 617 ³7).
1089 557 1157 599 *Id
1186 572 1295 603 vero
1328 572 1567 601 murorum
1595 540 1737 615 genus
1765 558 1850 600 illis
1882 557 2171 615 temporibus
2198 559 2245 618 in

266 638 815 696 Graeciaspervulgatum
835 687 837 692 .
858 644 969 682 erat.
1048 636 1188 681 Velut
1228 637 1513 694 Mantineae,
1563 638 1686 696 t‘Juod
1724 637 2023 681 fundamenta
2069 619 2248 680 tantum

267 731 507 761 murorum
539 731 598 760 ex
627 717 785 776 lapide.
804 724 989 773 structa,
1019 724 1066 762 et
1094 724 1320 761 structura
1345 717 1538 762 laterum
1571 731 1664 761 non
1698 723 1930 760 coctorum
1965 717 2248 775 superposita

263 801 381 850 erat,
410 795 581 840 civibus
611 796 669 838 ab
688 794 973 854 Agesipolide
1006 797 1198 840 obsessis
1232 811 1517 854 magnopere,
1534 798 1702 838 nocuit.
1768 797 1857 838 Hic
1889 798 2011 838 enim
2043 797 2249 859 fluvium,

267 876 485 933 oppidum
502 874 1022 942 4perfluentem,1aggere
1048 878 1256 939 opposito
1289 877 1520 918 exundare
1553 877 1712 933 coegit,
1741 876 1806 919 ita
1830 882 1881 918 ut
1911 876 1950 918 is
1977 889 2116 933 supra
2140 890 2247 918 cre-

267 953 468 1011 pidinem
500 953 559 996 ad
584 952 826 998 lateritiam
858 969 1001 1014 usque
1042 962 1316 1000 structuram
1349 954 1595 999 escendens
1630 968 1814 998 omnem
1845 968 2082 1002 murorum
2115 967 2247 996 com—

408 1169 467 1207 ita
493 1176 536 1208 ut
564 1170 612 1210 ad
640 1168 843 1225 Hyperbii
883 1179 922 1212 et
948 1171 1119 1222 Euryali
1149 1186 1182 1213 s,
1211 1171 1389 1223 Agrolae
1427 1172 1588 1226 antiqua
1625 1186 1746 1226 opera
1774 1179 1955 1225 spectare
1998 1170 2245 1218 viderentur,

408 1238 477 1293 qui
505 1239 629 1293 primi
657 1243 861 1282 laterarias
900 1255 944 1281 ac
971 1240 1114 1281 domos
1141 1229 1324 1281 Athenis
1359 1242 1614 1281 constituisse
1651 1241 1835 1281 dicuntur
1877 1240 2004 1293 (Pling
2030 1239 2136 1287 VII,
2160 1243 2243 1286 57).

408 1306 590 1348 Discessi
614 1319 749 1350 autem
775 1314 823 1349 ab
850 1312 925 1349 hac
953 1312 1173 1358 sententia,
1201 1312 1378 1350 maxime
1406 1311 1511 1364 quod
1538 1313 1760 1350 lateritium
1786 1325 1945 1350 murum
1964 1310 2243 1349 Themistocle

405 1377 677 1431 antiquiorem
705 1381 893 1421 Vitruvii
920 1387 1104 1434 tempore
1131 1379 1380 1434 superfuisse
1406 1381 1542 1420 minus
1569 1381 1760 1421 credibile
1786 1387 1860 1420 est.

308 1459 380 1508 36)
407 1458 702 1522 Aristophanis
730 1467 873 1512 verba,
895 1462 990 1505 Av.
1020 1478 1061 1504 v.
1088 1469 1191 1509 1136
1214 1479 1301 1519 sqq,
1332 1466 1430 1505 haec
1461 1472 1576 1504 sunt:

472 1529 703 1585 ”Ορνιθξς,
741 1530 874 1580 οὐδεὶς
900 1532 1047 1583 ἄλλος,
1085 1535 1163 1577 οὐκ
1196 1534 1432 1588 Αἰγύπτιος

476 1602 793 1657 πλινθοφόρος,
832 1598 884 1645 οὗ
921 1601 1162 1657 λιθουργός,
1202 1601 1255 1647 οὐ
1286 1605 1441 1646 τέκτων
1468 1603 1631 1656 παρῆν,

476 1665 564 1712 ἀλλ’
593 1668 851 1728 αὐτόχειρες,
882 1671 984 1714 ὥστε
1009 1669 1249 1725 θαυμάζειν
1275 1674 1364 1725 ἐμέ.

478 1744 522 1781 ἐκ
546 1742 630 1793 μέν
655 1757 702 1794 γε
726 1737 896 1793 Λιβύης
919 1734 1026 1792 ἧκον
1050 1738 1105 1787 αἷς
1130 1742 1373 1795 τριςμύριαι

475 1810 664 1864 γέρανοι,
701 1809 927 1863 θεμελίους
955 1819 1294 1854 καταπεπωκυῖαι
1319 1812 1484 1858 λίθους.

474 1876 649 1926 τούτους
674 1875 714 1921 δ’
742 1874 929 1929 ἐτύκιζον
957 1883 1002 1921 αἱ
1028 1881 1165 1932 κρέκες
1191 1889 1276 1926 τοῖς
1303 1876 1514 1936 ῥύγχεσιν.

477 1954 610 2002 ἕτεροι
634 1943 675 1990 δ’
705 1948 1043 1992 ἐπλινθοποίουν
1067 1950 1268 2003 πελαργοὶ
1294 1944 1458 2002 μύριοι.

475 2007 653 2070 ὕδωριῗ
679 2012 860 2070 ἐφόρουν
886 2024 962 2060 etc.

403 2086 654 2141 Aegyptios,
694 2100 863 2144 moneo,
901 2086 1121 2138 significari
1162 2102 1246 2127 non
1283 2089 1418 2129 solum
1445 2086 1763 2144 πλινθοφόρους
1799 2089 1871 2130 sed
1906 2089 2031 2130 etiam
2064 2090 2239 2145 λιθουρ-

402 2153 503 2213 γους
537 2165 577 2198 et
618 2157 828 2212 τέκτονας.
893 2156 1079 2197 ceterum
1119 2158 1164 2196 in
1204 2155 1395 2213 Aegypto
1435 2160 1631 2199 lateritiae
1663 2161 1786 2200 etiam
1828 2158 1959 2200 fuisse
1998 2160 2240 2214 pyramides,

404 2228 730 2281 cryptoporticus
755 2227 1078 2275 Mwsoleorum,
1120 2228 1282 2280 privata
1318 2230 1442 2274 multa
1482 2229 1685 2278 aedificia,
1726 2237 1899 2270 constat.
1952 2229 2069 2281 Quae
2106 2237 2242 2268 autem

340 2352 342 2354 Ι
403 2295 705 2350 Aegyptiorum
739 2311 824 2337 non
856 2304 1009 2337 tantum
1038 2297 1084 2337 in
1121 2297 1313 2339 lateribus
1344 2295 1539 2338 faciendis
1577 2298 1648 2339 sed
1685 2299 1807 2340 etiam
1838 2300 1884 2340 in
1922 2297 2135 2352 portandis
2180 2311 2243 2337 ars

402 2362 549 2415 suerit,
600 2353 706 2406 nunc
743 2354 901 2422 liquido
939 2366 1181 2421 perspicitur
1225 2379 1279 2405 ex
1319 2367 1486 2421 picturis
1519 2366 1741 2422 Aegyptiis
1783 2382 1806 2408 a
1841 2368 1913 2407 Ro
1928 2368 2159 2407 sellinio
2197 2369 2244 2406 in

402 2437 609 2487 publicum
635 2436 774 2475 editis.
843 2437 1038 2475 Posthaec
1065 2437 1402 2487 ἐπλινθοποίουν
1428 2427 1483 2477 G.
1504 2436 1742 2478 Dindorf
1748 2440 1830 2478 ius
1856 2439 2024 2491 scripsit
2053 2453 2107 2478 ex
2135 2439 2243 2478 coni.

400 2518 490 2558 pro-
524 2504 638 2546 codd.
676 2505 853 2547 lectione
887 2502 1246 2560 ἐπλινθοφόρουν,
1285 2520 1384 2561 quae
1423 2504 1524 2549 ferri
1562 2508 1704 2564 nequit
1745 2514 1913 2563 propter
1952 2521 1992 2551 v.
2018 2513 2159 2558 1152.;
2198 2519 2241 2546 ac

404 2581 511 2614 certe
544 2571 827 2629 ἐλιθοφόρουν
850 2576 1152 2617 incommodum
1180 2583 1309 2624 esset,
1348 2591 1442 2617 nam
1468 2578 1519 2617 de
1557 2581 1669 2618 saxis
1706 2579 1927 2632 crepidinis
1963 2579 2046 2618 iam
2089 2578 2238 2616 dictum

404 2650 492 2692 est,
529 2646 717 2697 superior
748 2653 888 2691 autem
906 2648 1045 2686 murus
1071 2646 1273 2686 lateritius
1304 2654 1380 2686 est.
1433 2645 1501 2686 Ad
1527 2649 1673 2688 lateres
1710 2657 1844 2690 autem
1886 2647 2086 2688 ducendos
2127 2647 2236 2687 cico—

402 2712 495 2753 niae
520 2720 689 2767 propter
716 2723 940 2758 rostrorum
965 2714 1138 2758 formam
1159 2716 1399 2771 aptissimae
1426 2731 1514 2760 esse
1542 2719 1781 2761 videbantur
1809 2716 2093 2772 Aristophani.

303 2780 376 2831 37)
400 2780 453 2822 de
479 2795 626 2823 corona
652 2796 695 2838 p.
715 2788 809 2829 325.
884 2828 894 2833 ,

408 2916 420 2938 k
