2509 3028
227 140 284 180 ⁵4
606 96 614 102 ’
854 118 1002 170 can.
1055 125 1292 173 onon-a.
1340 123 1649 174 mettun·
1677 168 1679 171 ,
1706 158 1713 173 ..

374 251 451 300 57.
480 249 555 298 58.
617 238 859 303 &ostiam
890 236 940 293 δὲ
973 238 1059 292 καὶ
1096 239 1276 300 κύβους
1306 244 1400 293 τοῖς
1432 239 1783 307 inmutatione..
1799 243 1971 302 Πεποοι
1984 252 2048 302 ,ιιι
2078 247 2214 296 vide-

231 335 309 373 tur
338 326 506 382 cubos,
530 324 740 372 lat-erum
769 323 973 369 inferiori
1011 315 1163 368 ordini
1192 323 1529 382 interpositos,
1551 329 1622 369 ut
1632 323 1777 373 clavis
1799 324 2009 379 inmissis
2036 322 2221 377 firmior.

231 406 450 451 materiae
476 410 523 448 et
549 404 754 449 laterum
768 402 903 447 fieret
934 403 1204 448 coniunctio.
1269 401 1328 446 V.
1358 403 1449 446 tab.
1476 400 1591 457 11,1.
1639 416 1675 440 a:
1824 436 1842 450 „

372 490 491 536 58-
514 478 602 535 καὶ
631 475 1109 537 ἐπιπλινθοβολῆσει
1151 475 1292 540 ὕψος
1317 476 1378 541 ἓξ
1419 477 1645 540 enixans.
1717 481 1792 524 Sic
1833 440 2038 531 confiunt
2066 444 2215 527 XVII

230 564 357 607 coria
384 568 571 622 praeter
593 561 658 605 111
688 560 828 618 pedes
858 561 946 608 τοῦ
968 555 1230 621 ἑπαλξίου,
1255 561 1286 604 i.
1318 573 1355 604 e.
1382 566 1433 607 ut
1464 561 1644 605 videtur
1675 558 1763 603 Vn
1793 560 1931 618 pedes
1962 575 2064 611 cum
2095 574 2213 618 qua-

231 644 407 687 drante.
467 641 537 684 Cf.
567 639 793 697 adscripta
821 638 884 682 ad
913 653 954 682 v.
987 644 1063 689 55.
1089 641 1163 688 56.
1226 639 1341 682 Tab.
1373 639 1429 694 Π,
1457 654 1519 682 ιιι.

374 728 448 771 58.
481 727 555 775 59.
621 711 901 776 οἰκοδομήσει
931 710 983 788 δὲ
1014 715 1100 764 καὶ
1132 719 1190 765 ἐκ
1223 720 1311 764 τοῦ
1344 710 1541 765 ἔνδοθεν
1572 712 1792 775 στὸχους,
1823 707 1875 763 οὗ
1907 714 1974 775 μή
2006 719 2118 766 εἶσιν
2151 719 2214 766 οἷ-

230 792 552 859 κοὸομημένοι,
593 790 887 846 διπλίνθους.
911 846 931 861 ⁸
960 792 1154 854 Στόχον
1186 797 1225 839 si
1256 797 1355 854 quis
1385 795 1506 860 ¹forte
1542 796 1586 839 h.
1617 795 1646 839 l.
1671 811 1756 854 pro
1786 796 1956 841 variata
1985 796 2135 860 forma
2173 813 2213 842 v.

232 881 420 939 στοῖχος
457 878 690 932 habuerit,
730 878 769 920 is
799 876 855 931 ¹in
887 876 1161 934 explicandis
1198 877 1251 919 iis
1289 889 1405 934 quae
1443 881 1657 919 secuntur
1687 889 1782 919 non
1814 874 1998 919 habebit
2034 891 2126 934 quo
2165 892 2215 920 se

231 966 390 1005 vertat.
454 958 677 1017 Equidem
713 955 913 1001 vexabar
950 955 1101 998 multis
1144 955 1523 1010 dubitationibus,
1564 956 1710 998 donec
1744 955 1943 998 intellexi
1986 951 2158 1014 στόχον
2186 971 2215 999 a

232 1037 412 1102 στοίχῳ
444 1038 622 1121 plane‘
618 1036 826 1089 differre,
873 1040 919 1076 et
950 1033 1203 1090 significare
1234 1034 1370 1090 pilam
1406 1040 1668 1091 angustam,
1711 1034 1854 1092 qualis
1889 1034 2212 1077 iaculatoribus

230 1134 368 1176 scopo
401 1117 510 1175 poni
543 1097 721 1173 possit·
759 1112 1120 1162 ΣΤΟΙΧΟΥΣ
1162 1112 1298 1153 etiam
1340 1112 1382 1154 h.
1416 1128 1454 1157 v.
1499 1128 1591 1156 non
1633 1121 1754 1157 recte
1794 1114 1944 1171 posuit
1982 1113 2110 1169 Pitt.,
2153 1129 2212 1157 ex

231 1212 323 1256 quo
361 1195 580 1238 Franzius
615 1194 765 1236 effecit
801 1188 999 1250 τοίχους.
1064 1187 1333 1238 Δίπλινθοι
1367 1191 1578 1233 dicuntur
1609 1193 1696 1234 hae
1726 1193 1845 1250 pilae
1877 1193 2037 1236 eodem
2066 1207 2212 1247 sensu,

230 1291 321 1335 quo
362 1274 545 1316 lateritii
581 1273 702 1314 muri
743 1271 969 1328 diplinthii
1007 1277 1084 1312 aut
1122 1269 1363 1326 triplinthii
1401 1270 1614 1312 dicuntur
1657 1270 1853 1330 (Vitruv.
1887 1270 1947 1326 II,
1984 1271 2068 1330 8.)‚
2112 1274 2140 1315 i.
2173 1287 2211 1314 e.

231 1353 525 1399 crassitudine
553 1351 763 1393 binorum
797 1350 1004 1392 laterum.
1079 1348 1432 1391 Crassitudinem
1464 1355 1611 1392 autem
1647 1350 1748 1392 dico
1779 1351 1946 1393 lineam
1976 1358 2210 1396 transver-

230 1448 350 1488 sam,
394 1444 510 1489 quae
542 1429 717 1485 longius
758 1427 981 1484 producta
1014 1428 1176 1484 pinnas
1214 1443 1317 1470 cum
1350 1427 1558 1470 fenestris
1591 1435 1774 1470 secaret.
1848 1429 1967 1473 Nam
1998 1431 2120 1486 quod
2153 1431 2212 1472 ad

228 1510 513 1557 latitudinem
557 1507 723 1550 horum
767 1499 954 1563 στόχων
994 1507 1217 1563 pertinet,
1265 1519 1364 1548 eam
1387 1500 1539 1549 'unius
1580 1506 1730 1550 lateris
1774 1508 1867 1551 sive
1907 1507 2033 1565 pedis
2073 1508 2213 1551 fuisse

231 1596 434 1650 oportet,
472 1593 661 1645 propter
697 1599 752 1627 ea
784 1598 906 1642 quae
928 1585 1146 1643 proximis
1187 1586 1338 1627 statim
1368 1584 1518 1629 verbis
1555 1586 1838 1634 adiiciuntur.
1901 1586 1959 1631 V.
1989 1587 2072 1630 hos
2105 1584 2213 1635 στό.

230 1686 344 1731 κους
376 1667 467 1711 tab.
498 1665 555 1721 II,
587 1679 630 1707 n.

372 1740 711 1796 διαλείποντας
753 1739 885 1790 ἑπτά
927 1734 1085 1789 πόδας.
1148 1743 1276 1787 Haec
1318 1744 1515 1802 pilarum
1555 1745 1789 1788 intervalla
1821 1746 1878 1788 ad
1909 1746 2210 1790 fenestrarum

229 1837 274 1873 et
302 1830 544 1887 pinnarum
580 1823 918 1881 dispositionem
951 1835 1045 1863 non
1077 1829 1261 1878 possunt
1293 1837 1385 1864 non
1419 1829 1540 1864 certa
1571 1825 1746 1866 ratione
1774 1827 2074 1882 respondere,
2107 1842 2211 1869 cum

228 1913 426 1967 propter
455 1903 790 1961 symmetriam,
838 1916 971 1959 quam
1008 1901 1235 1943 architecti
1270 1916 1361 1943 non
1394 1902 1489 1944 sine
1522 1903 1784 1945 necessitate
1817 1893 2072 1962 negligunt,
2114 1912 2209 1948 tum

227 1993 419 2044 propter
456 1983 718 2026 firmitatem
750 1982 888 2022 totius
930 1988 1191 2022 structurae.
1264 1974 1469 2029 Δοκίδας
1499 1983 1645 2035 enim,
1694 1997 1807 2039 quae
1837 1990 1993 2039 postea
2030 1999 2211 2027 memo—

227 2070 413 2116 rantur,
455 2075 570 2118 opus
604 2059 797 2105 eratjta
828 2058 1029 2114 imponi,
1071 2064 1121 2098 ut
1153 2071 1289 2115 supra
1320 2060 1432 2116 pilas
1464 2067 1599 2116 atque
1630 2057 1791 2117 pinnas
1824 2061 2031 2105 fenestris
2059 2064 2207 2105 inter-

226 2145 395 2203 positas
425 2137 809 2196 essent.1taque
850 2137 1045 2195 spatium
1086 2151 1114 2178 a
1152 2138 1302 2180 medio
1342 2153 1483 2197 usque
1525 2140 1582 2182 ad
1625 2141 1825 2184 medium
1860 2137 2033 2199 στόχον
2074 2142 2208 2186 debet

228 2223 365 2266 fuisse
398 2220 509 2263 VIII
541 2219 734 2277 pedum,
763 2223 809 2259 et
837 2216 934 2275 ipse
967 2210 1136 2273 στόχος
1164 2215 1399 2260 latitudine
1433 2220 1565 2261 unius
1596 2219 1735 2277 pedis.

370 2308 444 2357 59.
476 2301 550 2348 60.
612 2295 702 2345 καῖ
745 2289 1184 2353 ἑγκατοικοδομήσει
1224 2298 1498 2360 στρωτῆρας
1535 2291 1612 2345 δύο
1652 2299 1826 2358 (ΔΥΩ.
1862 2299 1985 2359 Pitt)
2028 2293 2206 2348 διαλεί-

227 2396 406 2429 ποντας
436 2375 523 2441 794⁹
555 2369 793 2437 ἤμιπόὸια,
869 2375 1135 2431 Intelligitur
1167 2375 1253 2417 hoc
1285 2376 1384 2418 fieri
1425 2379 1674 2433 oportuisse
1708 2380 1826 2422 inter
1862 2379 2205 2432 aedificandum,

227 2467 469 2517 antequam
504 2457 716 2516 pilae‘ad
746 2470 844 2499 eam
878 2454 1159 2501 altitudinem
1195 2462 1375 2499 evectae
1407 2455 1600 2512 fuerint,
1633 2473 1748 2515 quae
1778 2459 2065 2516 sequentibus
2096 2474 2204 2504 ver-

224 2539 294 2582 bis
325 2537 550 2580 definitur.
613 2537 710 2580 Iam
749 2534 869 2594 quod
909 2534 967 2577 ad
998 2536 1272 2596 στρωτῆρας
1303 2534 1485 2589 attinet,
1533 2551 1790 2595 quanquam
1828 2537 1905 2583 vix
1935 2539 2041 2583 novi
2074 2538 2203 2597 quic-

225 2632 363 2677 quam
395 2616 559 2659 afferre
587 2630 730 2674 queo,
762 2628 929 2673 ponam
963 2621 1117 2657 tamen
1151 2616 1325 2669 omnia,
1366 2630 1481 2674 quae
1514 2616 1623 2660 mihi
1655 2630 1712 2660 ex
1744 2618 1937 2676 antiquis
1967 2619 2203 2677 scriptor&

225 2698 309 2740 bus
349 2698 658 2739 innotuerunt.
732 2687 940 2736 Primum
985 2694 1268 2738 definitiones
1312 2697 1360 2737 in
1405 2696 1558 2739 lexicis
1598 2697 1882 2741 Graecorum
1926 2700 2198 2756 propositas:

225 2774 305 2824 Toe'
336 2773 483 2837 pinapel
514 2766 686 2824 ὃοκίὸια
719 2770 787 2821 τοὶ
817 2768 980 2822 ἐπάνω
1018 2776 1112 2821 τῶν
1153 2767 1420 2838 δουροδόκων
1451 2774 1690 2829 τιθέμενα
1724 2779 1999 2839 στρωτῆρας
2031 2778 2202 2834 ἔλεγον
