2509 3028
247 106 318 146 DE
355 101 692 145 MUNIMENTIS
719 84 1094 145 ‘numanum
1112 98 1493 152 QUAESTIONES
1533 98 1886 147 msTochE‚
1924 99 2043 140 Ere.
2158 107 2212 148 49

245 229 394 269 turres
421 214 573 271 Blossov.
635 219 752 270 Item
780 212 912 263 Philo
943 234 988 277 p.
1020 225 1096 270 80.
1126 224 1204 269 81.
1231 218 1337 260 satis
1367 223 1577 259 accurate
1603 217 1756 270 docet,
1787 232 1878 274 qua
1905 218 2082 260 ratione
2112 215 2208 265 ποί.

239 294 363 366 ροδος
392 303 488 348 τῶν
518 276 854 358 μεταττυργίων
881 304 927 340 et
963 299 1156 340 turrium
1188 287 1316 343 δίοδοι
1352 296 1679 339 construendae
1708 295 1809 337 sint.
1883 296 2043 355 Neque
2079 298 2211 342 aliter

239 382 289 423 in
319 381 407 423 hoc
443 377 573 421 titulo
612 392 651 421 v.
684 385 758 433 89.
799 373 940 439 690φῆ
970 378 1065 426 τῶν
1104 370 1301 438 πύργων
1340 374 1627 433 distinguitur
1667 387 1694 416 a
1725 379 1845 421 tecto
1876 370 2209 440 ‘rfi'sstroepcitiom

239 457 361 502 Hinc
393 471 449 501 eo
474 455 602 511 loco,
647 469 781 514 quem
815 465 951 500 nunc
970 453 1271 513 explicamus,
1310 455 1405 502 τῶν
1431 450 1768 516 μεταπυργίων
1794 448 1825 504 π’
1854 449 2047 517 πάροδος
2077 460 2210 501 certis

239 537 350 580 locis
377 535 574 578 tollenda
604 547 700 580 esse
732 534 921 588 dicitur,
955 540 1004 575 ut
1034 534 1153 575 muri
1186 547 1240 574 ea
1271 541 1401 588 parte
1431 533 1711 574 commodius
1742 533 1869 575 refici
1899 536 2083 590 possint.

382 622 435 673 αἱ
464 619 722 684 α’ντηρίὸες,
753 626 872 681 pilae
902 631 1174 668 structuram
1191 609 1465 677 'fulcientes‚
1493 639 1605 680 quas
1632 624 1792 667 eodem
1822 624 2043 669 vocabulo
2073 625 2209 671 latine

224 704 439 763 *appellat
466 703 699 749 Vitruvius
731 702 809 759 VI,
844 711 917 753 11.

390 822 464 867 50.
529 810 766 877 ἑνδέσμους
807 814 1057 876 ἐμβαλών.
1121 809 1376 876 ’Ένὸεσμος
1417 829 1584 858 nomen
1625 816 1951 861 conserendum
1993 829 2061 863 est
2102 836 2206 866 cum

240 895 380 939 verbo
412 887 598 952 ἐνδῆσαι
629 913 671 942 v.
701 904 778 948 75.
842 898 912 940 Cf.
943 895 1140 954 Etymol.
1172 895 1237 939 M.
1271 911 1314 953 p.
1348 899 1455 949 725,
1488 902 1563 944 44.

383 1017 457 1060 51.
520 1007 725 1074 ,θράνους
756 1008 919 1053 Pollux
943 1006 1001 1062 X,
1032 1015 1107 1060 11,
1138 1016 1211 1064 49.
1243 1008 1395 1051 scribit
1428 1009 1513 1050 diei
1540 1009 1682 1066 ligna,
1714 1009 1879 1068 quibus
1911 1011 2092 1055 lateritii
2118 1029 2211 1072 pa—

240 1090 374 1131 rietes
400 1090 703 1145 includuntur,
735 1091 762 1132 i.
781 1103 822 1130 e.
845 1084 912 1135 τα“
935 1082 1067 1146 ξύλα
1090 1085 1156 1134 τοὶ
1182 1086 1549 1135 κατακλείοντα
1576 1085 1683 1136 τούς
1706 1087 1988 1139 πλινθίνους
2014 1091 2210 1151 τοίχους.

244 1167 380 1222 Quod
411 1169 608 1225 intelligo
642 1170 697 1210 de
730 1168 913 1209 cratitiis
953 1167 1224 1223 parietibus,
1268 1181 1376 1224 quos
1405 1166 1637 1211 Vitruvius
1669 1168 1798 1221 dicit,
1833 1169 1911 1211 ubi
1937 1170 2100 1215 lateres
2126 1174 2207 1215 in-

239 1247 594 1302 terponebantur
618 1248 747 1303 tignis
769 1245 952 1288 arrectis
979 1252 1024 1287 et
1056 1247 1333 1288 transversis.
1396 1245 1591 1301 Propter
1614 1246 1947 1291 similitudinem
1981 1252 2207 1307 quandam

242 1325 403 1368 cratitii
427 1325 574 1382 operis
597 1326 759 1367 dicitur
777 1319 975 1385 θρανίον
994 1330 1387 1381 antepagmentum
1410 1323 1703 1366 lacunarium.
1768 1324 2048 1382 Hesychius.
2079 1327 2210 1393 θρα-

241 1399 364 1450 νίον.
408 1400 497 1450 .τὸ
521 1398 611 1450 ὑπὸ
635 1405 730 1451 τοῖς
752 1398 1036 1465 φατνωμασι
1059 1395 1312 1459 σανίδωμα.
1376 1401 1435 1445 H
1452 1402 1481 1444 l·
1506 1398 1714 1464 θράνους
1738 1410 1992 1450 transversa
2012 1411 2208 1454 maxime

239 1484 363 1540 tigna
395 1482 482 1524 dici
513 1489 637 1540 puto.
702 1482 771 1524 Cf.
803 1498 843 1527 v.
877 1488 952 1534 75.
985 1506 1049 1516 —
1098 1482 1259 1524 Postea
1292 1478 1545 1538 γεισῆπους
1574 1483 1805 1540 supplevi,
1854 1500 1957 1528 cum
1987 1488 2205 1534 Franzius

240 1557 477 1617 γεισίπους
508 1562 737 1619 posuisset.
800 1561 907 1619 (Sed
937 1563 1072 1605 etiam
1098 1561 1203 1617 Pitt.
1230 1561 1279 1604 in
1312 1574 1539 1603 marmore
1564 1562 1734 1606 notavit
1757 1565 1796 1609 Γ
1922 1567 2202 1629 ΗΠΟΤΣ),

238 1639 311 1683 Ex
334 1641 651 1683 Grammaticis
683 1637 796 1683 haec
824 1642 976 1683 affero.
1037 1638 1274 1688 Γεισίπους
1298 1637 1381 1688 καὶ
1409 1633 1732 1700 γεισιπόὸισμα
1756 1639 1839 1690 καὶ
1863 1640 2204 1708 γεισιποὸίζειντ

237 1716 294 1766 τό
320 1714 486 1779 ἑξέχον
519 1721 602 1774 τῆς
633 1711 777 1771 δοκοῦ,
807 1714 883 1779 ἐφ’
910 1709 961 1765 οὗ
992 1716 1047 1765 τὸ
1076 1715 1231 1777 γεῖσᾶν
1261 1721 1386 1771 ἐστι,
1419 1717 1652 1775 γεισίπους
1681 1723 1914 1771 καλεῖται
1945 1723 2033 1773 καὶ
2061 1745 2204 1787 yem-

237 1791 455 1854 πόὸισμοι,
480 1798 564 1844 καῖ
595 1790 913 1854 γεισιποὸίζειν
945 1794 999 1843 τό
1032 1799 1171 1844 τοῦτο
1202 1799 1359 1849 ποιεῖν,
1390 1797 1707 1854 Harpocratio.
1778 1802 1954 1847 Eadem
1986 1807 2202 1867 pleraque

237 1874 375 1919 habet
404 1877 574 1919 Suidas-
629 1879 666 1924 Γ
669 1869 887 1924 εισίποὸες
917 1871 969 1923 αἱ
1001 1867 1133 1928 δοκοὶ,
1166 1875 1218 1924 αἱ
1247 1873 1519 1940 ἐγκείμεναι
1553 1877 1673 1935 (fort.
1708 1877 1990 1942 ἐπικείμεναι)
2018 1878 2202 1941 δοκίδες,

238 1951 314 2017 ἐφ’
343 1945 406 2002 ὧν
432 1952 497 2002 τοὶ
519 1956 668 2013 γεῖσα
700 1953 952 2007 τίθενται,
989 1955 1186 2011 Etymol.
1209 1954 1273 1997 M·
1305 1971 1349 2012 p-
1381 1963 1489 2010 229,
1521 1964 1595 2006 38·
1663 1956 1728 2005 A}
1756 1953 1804 2006 δὲ
1836 1961 2078 2021 προβολαὶ
2106 1970 2202 2015 τῶν

237 2028 456 2098 ὑπερῴων
495 2028 760 2093 οἰκημάτων
800 2030 853 2080 αἱ
893 2030 1014 2096 ῦπὲρ
1061 2031 1169 2082 τοῦς
1212 2029 1348 2082 κάτω
1393 2031 1577 2092 τοίχους
1623 2032 1907 2098 προῦχουσαι
1954 2057 2202 2102 γεισσηπο-

239 2106 448 2172 ὃίσματα
480 2113 566 2171 (sic
598 2115 694 2156 cod.
727 2114 778 2155 A·
810 2129 878 2170 vg·
909 2113 1099 2172 γεισιπ.)
1135 2110 1222 2162 καὶ
1251 2111 1318 2162 τοί
1350 2112 1552 2175 φέροντα
1585 2110 1758 2164 αὐτούς
1788 2113 1921 2177 ξύλα
1954 2121 2203 2183 «γεισσήπο-

241 2184 313 2241 <ies
352 2186 663 2251 (γεισίποὸες),
704 2191 868 2239 Pollux
884 2193 931 2247 Ἰ,
963 2199 1009 2244 8,
1041 2198 1115 2242 81·
1189 2189 1425 2241 Γεισίπους
1464 2189 1548 2240 καὶ
1589 2190 1917 2258 *γεισιπόδισμα
1960 2198 2014 2249 τί
2050 2204 2200 2253 ἐστιν·

238 2263 370 2319 ἔστιν
403 2261 481 2319 οὖν
511 2269 743 2329 *γεισίπους
774 2268 829 2318 τὸ
861 2266 1007 2330 ξύλον
1039 2268 1094 2318 τό
1133 2267 1427 2327 ὕποβληθὲν
1458 2268 1542 2319 καὶ
1574 2271 1712 2335 φέρον
1740 2273 1830 2329 ‘niv
1861 2280 2047 2335 γεῖσαν,
2083 2282 2199 2328 Lex.

236 2351 426 2394 Rhetor.
457 2367 526 2409 ap.
555 2351 739 2393 Bekker.
770 2366 813 2407 p.
843 2358 956 2404 227,
984 2358 1027 2399 3.
1057 2351 1120 2406 (et
1151 2350 1207 2392 cf.
1238 2366 1279 2408 p.
1305 2358 1412 2404 231,
1437 2349 1510 2408 4.).
1574 2352 1664 2396 Sed
1696 2355 1805 2397 cod.
1835 2354 1894 2414 (p.
1921 2359 2077 2419 1098.)
2109 2361 2197 2406 ha-

237 2429 316 2473 bet
342 2424 601 2488 1γειοόἱίιόυς
643 2437 688 2472 et
731 2421 1078 2487 γεισηπόὸισμα.
1157 2431 1194 2475 Γ
1195 2421 1455 2483 εισσήποὸες
1500 2431 1635 2475 etiam
1687 2436 1903 2492 scriptum
1956 2445 2079 2482 extat
2127 2456 2196 2498 ap.

238 2506 519 2567 Moschopul.
550 2508 707 2551 Sched.
738 2524 781 2566 p.
815 2513 920 2558 205.
953 2507 1008 2550 cf.
1041 2506 1233 2550 Lobeck.
1264 2506 1445 2566 Parerg.
1483 2507 1726 2568 Phrynieh.
1763 2528 1807 2572 p·
1836 2516 1944 2566 666·
2008 2518 2068 2561 Et
2098 2536 2194 2578 γει-

240 2578 498 2646 enudato-pa
528 2581 719 2631 re'currit
749 2587 796 2630 in
827 2587 914 2630 hoc
945 2586 1073 2629 titulo
1104 2601 1146 2630 v.
1171 2587 1246 2635 63.
1281 2593 1384 2635 114.

379 2666 535 2724 γεΐὰον
564 2664 755 2715 λίθινον
787 2658 827 2721 ἧ.
845 2661 1084 2729 κερεῖμεον,
1113 2679 1171 2708 ex
1196 2665 1345 2722 lapide
1372 2673 1449 2709 aut
1477 2673 1591 2711 testa
1616 2670 1642 2712 i.
1666 2684 1703 2713 e.
1733 2674 1885 2732 argilla
1916 2676 2029 2718 bene
2058 2686 2196 2723 cocta.

241 2744 310 2787 Cf.
343 2746 444 2789 diss.
474 2746 507 2787 Ι.
537 2761 639 2788 ann.
671 2753 744 2795 38.
808 2746 881 2789 Sic
917 2744 1149 2790 Vitruvius
1179 2746 1234 2801 11,
1268 2752 1309 2795 8.
1347 2747 1473 2791 iubet
1511 2753 1694 2794 summis
1724 2755 1967 2809 parietibus
1996 2755 2196 2803 lateritiis

1737 2825 1781 2866 G
