2509 3028
245 104 298 145 16
862 96 1004 140 CAR.
1058 95 1294 139 oDOFR.
1347 95 1619 139 MULLER

249 217 452 262 cursioni
483 214 684 261 hostium
718 215 917 260 maxime
945 215 1083 260 fuisse
1113 215 1358 261 obnoxiam
1381 213 1491 277 ⁴⁵),
1519 217 1661 275 idque
1696 227 1831 275 quam
1870 214 2080 262 habuerit
2117 234 2232 267 cau-

248 310 374 351 sam,
413 294 548 338 facile
580 295 891 353 intelligimus,
942 295 981 337 si
1010 294 1132 346 forte
1162 309 1218 337 ea
1248 294 1374 339 collis
1396 309 1531 353 pars,
1558 308 1694 353 -quae
1720 300 1847 339 extra
1887 307 2044 339 muros
2068 298 2232 346 „relin-

248 373 499 433 quebatur,
542 374 677 418 altior
711 381 810 418 erat
833 374 1074 432 interiore3
1113 374 1171 418 ab
1202 374 1288 418 hac
1310 378 1460 434 'parte
1491 373 1664 418 Sullam
1704 380 1878 418 constat
1910 372 2123 436 Athenas.
2145 390 2234 421 ex—

244 468 483 512 pugnasse.
612 454 702 497 Sed
733 455 875 513 magis
908 455 1124 511 offendit,
1174 456 1298 514 quod
1328 453 1614 498 Athenarum
1657 455 1777 497 muri
1801 468 1973 500 -versus
2011 456 2236 500 orientem

244 535 425 578 radices
452 535 549 577 eius
580 533 733 590 collis,
778 549 915 593 quem
953 534 1089 594 vulgo
1121 549 1244 579 nunc
1284 532 1509 594 minorem
1543 532 1851 578 Anchesmum
1899 536 2153 596 appellant,
2182 536 2237 580 -si

243 614 603 671 ichnographiae
637 624 775 672 quam
809 616 903 657 dixi
930 615 1042 657 fides
1076 622 1167 668 est,
1208 617 1272 658 ita
1299 616 1602 672 stringebant,
1650 622 1726 669 ut,
1767 616 1915 672 siqui
1947 616 2099 659 hostes
2120 602 2237 659 xeum

245 692 410 739 collem
444 682 807 754 occupavissent,
844 694 877 739 ii
904 710 998 740 non
1030 694 1200 740 balistis
1226 702 1402 740 tantum
1438 701 1484 739 et
1513 694 1794 753 catapultis,
1816 694 1897 739 sed
1928 697 2066 742 etiam
2094 695 2238 755 sagit-

244 775 302 817 tis
351 780 396 815 et
436 773 588 816 fundis
637 774 889 833 oppidanos
922 775 979 816 de
1011 789 1145 818 muro
1176 775 1422 818 deturbare
1448 775 1647 833 potuisse
1676 774 1959 819 viderentur:
2004 776 2098 819 nisi·
2121 776 2238 820 forte

247 854 483 911 peculiare
512 854 695 911 aliquod
729 847 989 907 castellum,
1038 856 1088 895 in
1118 856 1267 898 vicino
1299 863 1344 897 et
1373 856 1535 897 altiore
1565 855 1705 908 colle,
1751 869 1887 910 quem
1922 855 2068 911 vulgo.
2087 857 2237 898 maio-

244 947 346 977 rem
379 930 688 976 Anchesmum
719 933 877 976 dicunt
907 932 999 988 44),
1044 940 1303 977 extructum
1343 934 1495 977 hostes
1524 933 1581 975 ab
1616 932 1890 989 occupandis
1918 932 1988 976 his
2015 933 2129 976 locis
2150 948 2238 976 ¹ar—

245 1014 388 1058 cebat.
425 1010 513 1071 ,At
546 1012 682 1056 huius
710 1018 866 1055 tamen
896 1012 1068 1057 castelli
1098 1027 1249 1072 neque
1279 1014 1516 1072 vestigium
1548 1013 1799 1068 indicatur,
1828 1026 1978 1071 neque
2009 1012 2107 1057 eius
2129 1027 2238 1057 mu-

245 1094 432 1137 nitionis
463 1092 745 1135 mentionem
778 1092 988 1135 iniiciunt
1016 1093 1187 1150 antiqui
1216 1094 1482 1150 scriptores,
1510 1093 1598 1134 nisi
1626 1107 1682 1134 eo
1714 1093 1998 1136 revocaveris
2017 1092 2237 1152 Siceliam„

244 1174 399 1216 locum
434 1171 607 1214 editum
654 1184 802 1229 prope
844 1172 1033 1225 urbem,
1076 1188 1210 1230 quem
1257 1179 1308 1215 ut
1350 1172 1608 1226 munirent,
1672 1186 1731 1214 ne
1780 1170 1891 1215 urbs
1936 1173 2141 1229 ipsorum
2180 1171 2237 1216 ab

247 1267 304 1295 ea
328 1257 460 1310 parte
493 1256 859 1308 expugnaretur,
913 1251 1148 1295 oraculum
1181 1251 1484 1295 Dodonaeum
1518 1237 1816 1328 Athenienses
1851 1252 2083 1320 monuisse
2114 1265 2237 1294 nar-

245 1337 400 1387 ratur,
439 1330 524 1373 sed
553 1328 724 1372 frustra
743 1327 824 1387 4⁵).

391 1453 443 1499 8.
512 1456 758 1499 Portarum
791 1457 1063 1517 designatio,
1102 1460 1143 1502 si
1175 1473 1232 1502 ex
1258 1461 1451 1518 vestigiis
1481 1457 1838 1502 Acharnicarum
1873 1445 2084 1515 pylarum
2119 1441 2240 1499 con-

246 1540 468 1581 iecturam
502 1537 731 1593 capimus,
775 1539 833 1581 ad
877 1553 977 1582 eam
1010 1554 1221 1583 normam
1264 1539 1385 1583 facta
1427 1555 1521 1583 esse
1562 1539 1767 1592 videtur,
1818 1552 1955 1595 quam
1997 1538 2239 1594 antiquitas

249 1618 429 1660 Graeca
462 1614 631 1673 ubique
664 1615 956 1673 observabat,
1000 1624 1045 1660 et
1078 1619 1204 1663 cuius
1237 1617 1656 1662 manifestissimum
1703 1616 2027 1660 documentum
2073 1615 2239 1659 etiam-

248 1712 372 1739 nunc
417 1697 467 1736 in
505 1696 752 1738 ruderibus
802 1711 1042 1753 murorum
1083 1697 1444 1740 Mantinensium
1498 1694 1705 1739 habetur.
1788 1697 1909 1738 Nam
1942 1696 2239 1753 antiquorum

248 1776 439 1820 tactieae
471 1781 516 1818 et
540 1775 862 1835 poliorceticae
895 1784 1016 1821 artes
1041 1792 1146 1821 cum
1176 1777 1419 1837 praecipue
1442 1776 1496 1820 in
1530 1775 1789 1820 discrimine
1821 1774 1970 1818 dextri
1997 1781 2042 1817 et
2073 1774 2240 1817 sinistri

247 1841 417 1900 lateris·
433 1862 480 1898 et
511 1855 793 1913 singulorum
824 1857 1017 1901 militum
1046 1864 1091 1902 et
1122 1858 1322 1905 universi
1353 1858 1577 1901 exercitus
1599 1862 1817 1915 tanquam
1845 1855 1895 1898 in
1918 1854 2103 1898 cardine
2129 1868 2238 1900 ver-

248 1942 484 1991 terentur,
528 1949 725 1993 quorum
752 1936 886 1992 illud,
919 1933 976 1985 τὸ
1010 1935 1147 2000 παραὶ
1184 1929 1310 2001 δόρυ,
1350 1937 1407 1979 ad
1440 1936 1792 1995 aggrediendum
1825 1934 2026 1980 validum
2067 1934 2147 1977 sed
2182 1934 2240 1977 ad

249 2015 589 2062 defendendum
623 2015 823 2060 maxime
855 2023 1015 2061 contra
1044 2017 1135 2062 tela
1167 2017 1343 2061 eminus
1375 2016 1512 2060 missa
1542 2014 1774 2059 infirmum
1801 2020 1920 2070 erat,
1954 2012 2042 2057 hoc
2070 2019 2239 2068 autem,

248 2091 308 2144 τὸ
343 2111 446 2143 κατ
498 2088 704 2151 ἀσπίδα,
749 2097 954 2141 inhabile
995 2099 1054 2141 ad
1092 2099 1340 2157 impetum,
1393 2096 1475 2140 sed
1521 2094 1679 2138 mobili
1718 2094 1917 2169 quodam
1957 2105 2091 2135 muro
2135 2093 2241 2136 satis

247 2176 481 2219 munitum
509 2181 631 2217 erat:
665 2177 801 2219 etiam
828 2178 877 2219 in
911 2178 1169 2221 muniendis
1199 2178 1376 2235 oppidis
1399 2163 1546 2219 aditus
1578 2189 1817 2217 murorum
1848 2174 1912 2231 ita
1937 2172 2240 2216 institueban-

249 2262 350 2311 tur,
391 2260 445 2298 ut
475 2253 791 2300 accedentium
822 2256 984 2301 dextro
1009 2256 1142 2301 lateri
1180 2262 1329 2301 turres
1359 2254 1431 2302 vel
1472 2253 1757 2314 prosilientes
1800 2265 2041 2298 murorum
2086 2249 2239 2310 anguli

293 2432 366 2478 43)
395 2430 584 2469 Plutarch
612 2430 725 2469 Sulla
753 2432 818 2474 14.

289 2500 362 2549 44)
389 2497 468 2538 Hic
495 2505 576 2547 est,
616 2512 737 2554 quem
764 2498 808 2538 1².
835 2496 886 2538 G.
909 2497 1347 2539 Forchhammerus
1389 2495 1638 2549 argumentis
1668 2494 1832 2536 idoneis
1858 2494 2123 2546 Lycabettum
2152 2507 2239 2535 esse

393 2566 535 2605 evicit.

290 2635 561 2687 45)1’ausnn·
596 2635 719 2685 VIII,
748 2644 821 2686 11,
852 2640 890 2681 6.
978 2636 1061 2678 Hac
1100 2637 1150 2685 ¹in
1191 2651 1235 2678 re
1277 2638 1456 2678 maxime
1500 2633 1813 2692 quaerendum,
1847 2634 1893 2675 in
1933 2647 2053 2689 quem
2090 2634 2239 2673 collem

391 2706 572 2744 maxime
599 2704 765 2758 quadrat
803 2718 954 2746 nomen
978 2701 1064 2749 ’τοῦ
1095 2708 1337 2760 voconcio&
1372 2701 1528 2760 λόφου,
1572 2705 1679 2760 quod
1714 2704 1860 2745 suidas
1895 2716 1929 2743 s.
1954 2717 1997 2744 v.
2026 2702 2241 2752 σικελίζειν

395 2774 526 2814 eidem
554 2775 713 2814 tribuit.
