<?xml version="1.0" encoding="UTF-8"?>
<!DOCTYPE html PUBLIC "-//W3C//DTD XHTML 1.0 Transitional//EN"
    "http://www.w3.org/TR/xhtml1/DTD/xhtml1-transitional.dtd">
<html xmlns="http://www.w3.org/1999/xhtml" xml:lang="en" lang="en">
 <head>
  <title>
</title>
<meta http-equiv="Content-Type" content="text/html;charset=utf-8" />
  <meta name='ocr-system' content='tesseract 3.04.00' />
  <meta name='ocr-capabilities' content='ocr_page ocr_carea ocr_par ocr_line ocrx_word'/>
</head>
<body>
  <div class='ocr_page' id='page_1' title='image "4773759_0072.png"; bbox 0 0 2509 3028; ppageno 0'>
   <div class='ocr_carea' id='block_1_1' title="bbox 268 74 2233 133">
    <p class='ocr_par' dir='ltr' id='par_1_1' title="bbox 268 74 2233 133">
     <span class='ocr_line' id='line_1_1' title="bbox 268 74 2233 133; baseline -0.001 -14"><span class='ocrx_word' id='word_1_1' title='bbox 268 80 338 119; x_wconf 91' lang='lat' dir='ltr'>DE</span> <span class='ocrx_word' id='word_1_2' title='bbox 381 74 718 118; x_wconf 73' lang='lat' dir='ltr'><strong>MUNIMENTIS</strong></span> <span class='ocrx_word' id='word_1_3' title='bbox 754 77 1101 121; x_wconf 78' lang='lat' dir='ltr'><strong>ATHENARUM</strong></span> <span class='ocrx_word' id='word_1_4' title='bbox 1138 76 1517 133; x_wconf 75' lang='lat' dir='ltr'><strong>QUAESTIONES</strong></span> <span class='ocrx_word' id='word_1_5' title='bbox 1553 76 1911 126; x_wconf 83' lang='lat' dir='ltr'><strong>HISTORICAE,</strong></span> <span class='ocrx_word' id='word_1_6' title='bbox 1960 78 2078 118; x_wconf 90' lang='lat' dir='ltr'>ETC.</span> <span class='ocrx_word' id='word_1_7' title='bbox 2180 86 2233 125; x_wconf 86' lang='lat'>57</span> 
     </span>
    </p>
   </div>
   <div class='ocr_carea' id='block_1_2' title="bbox 246 191 2231 2707">
    <p class='ocr_par' dir='ltr' id='par_1_2' title="bbox 257 191 2231 1202">
     <span class='ocr_line' id='line_1_2' title="bbox 268 191 2231 257; baseline -0.001 -15"><span class='ocrx_word' id='word_1_8' title='bbox 268 212 338 242; x_wconf 69' lang='lat' dir='ltr'>ow</span> <span class='ocrx_word' id='word_1_9' title='bbox 365 196 527 238; x_wconf 70' lang='lat' dir='ltr'>anz.</span> <span class='ocrx_word' id='word_1_10' title='bbox 587 197 1112 246; x_wconf 83' lang='grc' dir='ltr'>ΗῙΣΤΡΩΤΗΡΣΙΝ</span> <span class='ocrx_word' id='word_1_11' title='bbox 1161 197 1267 240; x_wconf 71' lang='lat' dir='ltr'>Pitt·</span> <span class='ocrx_word' id='word_1_12' title='bbox 1309 211 1366 239; x_wconf 74' lang='lat' dir='ltr'>ex</span> <span class='ocrx_word' id='word_1_13' title='bbox 1409 211 1497 254; x_wconf 88' lang='lat' dir='ltr'>quo</span> <span class='ocrx_word' id='word_1_14' title='bbox 1544 191 1630 243; x_wconf 75' lang='grc' dir='ltr'>καὶ</span> <span class='ocrx_word' id='word_1_15' title='bbox 1675 198 1959 257; x_wconf 63' lang='grc' dir='ltr'><em>στρωτῆρσιν</em></span> <span class='ocrx_word' id='word_1_16' title='bbox 2000 196 2231 238; x_wconf 80' lang='lat' dir='ltr'>Franzius.</span> 
     </span>
     <span class='ocr_line' id='line_1_3' title="bbox 267 272 2230 335; baseline 0.001 -19"><span class='ocrx_word' id='word_1_17' title='bbox 267 272 327 316; x_wconf 85' lang='lat' dir='ltr'>At</span> <span class='ocrx_word' id='word_1_18' title='bbox 368 289 582 317; x_wconf 86' lang='lat' dir='ltr'>numerus</span> <span class='ocrx_word' id='word_1_19' title='bbox 619 276 851 319; x_wconf 80' lang='lat' dir='ltr'>literarum</span> <span class='ocrx_word' id='word_1_20' title='bbox 885 276 1149 335; x_wconf 79' lang='lat' dir='ltr'><strong>refragatur.</strong></span> <span class='ocrx_word' id='word_1_21' title='bbox 1222 275 1488 332; x_wconf 85' lang='lat' dir='ltr'>Intelligitur</span> <span class='ocrx_word' id='word_1_22' title='bbox 1518 289 1655 332; x_wconf 88' lang='lat' dir='ltr'>supra</span> <span class='ocrx_word' id='word_1_23' title='bbox 1686 273 1836 316; x_wconf 83' lang='lat' dir='ltr'>trabes</span> <span class='ocrx_word' id='word_1_24' title='bbox 1870 280 1914 317; x_wconf 89' lang='lat' dir='ltr'>et</span> <span class='ocrx_word' id='word_1_25' title='bbox 1943 289 2123 318; x_wconf 90' lang='lat' dir='ltr'>murum</span> <span class='ocrx_word' id='word_1_26' title='bbox 2157 274 2230 317; x_wconf 86' lang='lat' dir='ltr'>fe-</span> 
     </span>
     <span class='ocr_line' id='line_1_4' title="bbox 268 348 2228 417; baseline 0 -23"><span class='ocrx_word' id='word_1_27' title='bbox 268 360 515 395; x_wconf 81' lang='lat' dir='ltr'>nestratum</span> <span class='ocrx_word' id='word_1_28' title='bbox 555 354 663 409; x_wconf 89' lang='lat' dir='ltr'>poni</span> <span class='ocrx_word' id='word_1_29' title='bbox 697 361 774 396; x_wconf 85' lang='lat' dir='ltr'>aut</span> <span class='ocrx_word' id='word_1_30' title='bbox 807 348 1004 408; x_wconf 65' lang='grc' dir='ltr'>ὃοκίὸας,</span> <span class='ocrx_word' id='word_1_31' title='bbox 1050 355 1214 417; x_wconf 79' lang='lat' dir='ltr'>tigilla,</span> <span class='ocrx_word' id='word_1_32' title='bbox 1255 369 1357 396; x_wconf 89' lang='lat' dir='ltr'>cum</span> <span class='ocrx_word' id='word_1_33' title='bbox 1393 352 1676 409; x_wconf 53' lang='lat' dir='ltr'>gmssmfcnm</span> <span class='ocrx_word' id='word_1_34' title='bbox 1718 354 1836 394; x_wconf 86' lang='lat' dir='ltr'>inter</span> <span class='ocrx_word' id='word_1_35' title='bbox 1868 366 1914 393; x_wconf 93' lang='lat' dir='ltr'>se</span> <span class='ocrx_word' id='word_1_36' title='bbox 1948 353 2228 405; x_wconf 79' lang='lat' dir='ltr'><strong>alternantia,</strong></span> 
     </span>
     <span class='ocr_line' id='line_1_5' title="bbox 265 428 2230 492; baseline 0.002 -19"><span class='ocrx_word' id='word_1_37' title='bbox 265 438 344 474; x_wconf 86' lang='lat' dir='ltr'>aut</span> <span class='ocrx_word' id='word_1_38' title='bbox 375 433 634 492; x_wconf 68' lang='grc' dir='ltr'>στωτῆρας.</span> <span class='ocrx_word' id='word_1_39' title='bbox 672 475 684 484; x_wconf 74' lang='lat'><em>,</em></span> <span class='ocrx_word' id='word_1_40' title='bbox 705 428 1052 491; x_wconf 75' lang='grc' dir='ltr'>Ἐπιβλήτων,</span> <span class='ocrx_word' id='word_1_41' title='bbox 1080 435 1127 477; x_wconf 60' lang='grc' dir='ltr'>«εἰ</span> <span class='ocrx_word' id='word_1_42' title='bbox 1155 449 1256 477; x_wconf 81' lang='lat' dir='ltr'>eam</span> <span class='ocrx_word' id='word_1_43' title='bbox 1284 434 1375 477; x_wconf 84' lang='lat' dir='ltr'>vim</span> <span class='ocrx_word' id='word_1_44' title='bbox 1404 433 1639 487; x_wconf 86' lang='lat' dir='ltr'>vocabuli,</span> <span class='ocrx_word' id='word_1_45' title='bbox 1682 446 1771 489; x_wconf 83' lang='lat' dir='ltr'>qua</span> <span class='ocrx_word' id='word_1_46' title='bbox 1803 430 1978 473; x_wconf 88' lang='lat' dir='ltr'>obicem</span> <span class='ocrx_word' id='word_1_47' title='bbox 2014 431 2230 489; x_wconf 83' lang='lat' dir='ltr'>siguificat</span> 
     </span>
     <span class='ocr_line' id='line_1_6' title="bbox 261 507 2230 571; baseline 0.003 -20"><span class='ocrx_word' id='word_1_48' title='bbox 261 510 501 565; x_wconf 71' lang='lat' dir='ltr'>(PolluxL</span> <span class='ocrx_word' id='word_1_49' title='bbox 525 518 573 564; x_wconf 79' lang='lat'>⁷8,</span> <span class='ocrx_word' id='word_1_50' title='bbox 605 510 722 569; x_wconf 61' lang='lat'><strong>77),</strong></span> <span class='ocrx_word' id='word_1_51' title='bbox 755 514 1283 571; x_wconf 55' lang='lat' dir='ltr'>exceperis5&gt;perexigua</span> <span class='ocrx_word' id='word_1_52' title='bbox 1309 513 1489 554; x_wconf 84' lang='lat' dir='ltr'>mentio.</span> <span class='ocrx_word' id='word_1_53' title='bbox 1551 511 1855 567; x_wconf 82' lang='lat' dir='ltr'>Harpocratio</span> <span class='ocrx_word' id='word_1_54' title='bbox 1888 524 1920 553; x_wconf 91' lang='lat' dir='ltr'>s.</span> <span class='ocrx_word' id='word_1_55' title='bbox 1947 525 1987 554; x_wconf 85' lang='lat' dir='ltr'>v.</span> <span class='ocrx_word' id='word_1_56' title='bbox 2018 507 2230 566; x_wconf 67' lang='grc' dir='ltr'><em>ἐπιβλῆς</em></span> 
     </span>
     <span class='ocr_line' id='line_1_7' title="bbox 261 583 2228 655; baseline 0.002 -21"><span class='ocrx_word' id='word_1_57' title='bbox 261 591 413 640; x_wconf 81' lang='grc' dir='ltr'>ἐστιν,</span> <span class='ocrx_word' id='word_1_58' title='bbox 445 585 503 636; x_wconf 74' lang='grc' dir='ltr'>αἷς</span> <span class='ocrx_word' id='word_1_59' title='bbox 531 588 617 648; x_wconf 80' lang='grc' dir='ltr'>μὲν</span> <span class='ocrx_word' id='word_1_60' title='bbox 651 585 921 649; x_wconf 76' lang='grc' dir='ltr'><em>Τιμαχίδας</em></span> <span class='ocrx_word' id='word_1_61' title='bbox 954 589 1090 655; x_wconf 73' lang='grc' dir='ltr'><em>φησί,</em></span> <span class='ocrx_word' id='word_1_62' title='bbox 1133 583 1267 638; x_wconf 62' lang='lat' dir='ltr'>(iuncis.</span> <span class='ocrx_word' id='word_1_63' title='bbox 1302 587 1363 643; x_wconf 59' lang='lat' dir='ltr'>v&lt;iis</span> <span class='ocrx_word' id='word_1_64' title='bbox 1396 584 1450 637; x_wconf 76' lang='grc' dir='ltr'>δέ</span> <span class='ocrx_word' id='word_1_65' title='bbox 1477 593 1586 651; x_wconf 80' lang='grc' dir='ltr'>φησι</span> <span class='ocrx_word' id='word_1_66' title='bbox 1620 587 1931 651; x_wconf 74' lang='grc' dir='ltr'><em>Κλείταρχος</em></span> <span class='ocrx_word' id='word_1_67' title='bbox 1963 586 1987 636; x_wconf 82' lang='lat' dir='ltr'>o‘</span> <span class='ocrx_word' id='word_1_68' title='bbox 2010 591 2228 646; x_wconf 67' lang='grc' dir='ltr'>ιγλωσσο-</span> 
     </span>
     <span class='ocr_line' id='line_1_8' title="bbox 262 662 2228 729; baseline -0.007 -6"><span class='ocrx_word' id='word_1_69' title='bbox 262 663 472 729; x_wconf 66' lang='grc' dir='ltr'><em>Ὑέᾶίφπ,</em></span> <span class='ocrx_word' id='word_1_70' title='bbox 519 665 631 716; x_wconf 76' lang='grc' dir='ltr'><em>ποιοί</em></span> <span class='ocrx_word' id='word_1_71' title='bbox 673 687 743 719; x_wconf 81' lang='grc' dir='ltr'>τις</span> <span class='ocrx_word' id='word_1_72' title='bbox 776 664 940 720; x_wconf 54' lang='lat' dir='ltr'>donetis.</span> <span class='ocrx_word' id='word_1_73' title='bbox 991 666 1108 713; x_wconf 82' lang='lat' dir='ltr'>Puto</span> <span class='ocrx_word' id='word_1_74' title='bbox 1142 684 1236 713; x_wconf 72' lang='lat' dir='ltr'>esse</span> <span class='ocrx_word' id='word_1_75' title='bbox 1268 669 1520 711; x_wconf 76' lang='lat' dir='ltr'><strong>trabeculas</strong></span> <span class='ocrx_word' id='word_1_76' title='bbox 1552 670 1659 716; x_wconf 79' lang='grc' dir='ltr'>ταῖς</span> <span class='ocrx_word' id='word_1_77' title='bbox 1692 662 1859 715; x_wconf 69' lang='grc' dir='ltr'><em>δοκίων</em></span> <span class='ocrx_word' id='word_1_78' title='bbox 1894 669 1937 710; x_wconf 90' lang='lat' dir='ltr'>in</span> <span class='ocrx_word' id='word_1_79' title='bbox 1971 675 2228 712; x_wconf 82' lang='lat' dir='ltr'>transverso</span> 
     </span>
     <span class='ocr_line' id='line_1_9' title="bbox 264 746 2228 806; baseline 0.002 -20"><span class='ocrx_word' id='word_1_80' title='bbox 264 747 544 804; x_wconf 84' lang='lat' dir='ltr'>interpositas</span> <span class='ocrx_word' id='word_1_81' title='bbox 583 756 716 806; x_wconf 84' lang='lat' dir='ltr'>atque</span> <span class='ocrx_word' id='word_1_82' title='bbox 759 751 822 793; x_wconf 85' lang='lat' dir='ltr'>ita</span> <span class='ocrx_word' id='word_1_83' title='bbox 863 751 1260 803; x_wconf 80' lang='lat' dir='ltr'>intercardinatas‚</span> <span class='ocrx_word' id='word_1_84' title='bbox 1301 755 1375 802; x_wconf 86' lang='lat' dir='ltr'>ut,</span> <span class='ocrx_word' id='word_1_85' title='bbox 1421 749 1541 804; x_wconf 90' lang='lat' dir='ltr'>quod</span> <span class='ocrx_word' id='word_1_86' title='bbox 1586 762 1667 788; x_wconf 87' lang='lat' dir='ltr'>nos</span> <span class='ocrx_word' id='word_1_87' title='bbox 1705 746 1987 802; x_wconf 79' lang='lat' dir='ltr'>Rostgebc&#39;ilk</span> <span class='ocrx_word' id='word_1_88' title='bbox 2021 749 2228 802; x_wconf 88' lang='lat' dir='ltr'><strong>dicimus,</strong></span> 
     </span>
     <span class='ocr_line' id='line_1_10' title="bbox 260 825 2226 882; baseline 0.002 -16"><span class='ocrx_word' id='word_1_89' title='bbox 260 826 432 868; x_wconf 79' lang='lat' dir='ltr'>existat.</span> <span class='ocrx_word' id='word_1_90' title='bbox 494 826 551 869; x_wconf 83' lang='lat' dir='ltr'>V.</span> <span class='ocrx_word' id='word_1_91' title='bbox 584 829 640 869; x_wconf 92' lang='lat' dir='ltr'>de</span> <span class='ocrx_word' id='word_1_92' title='bbox 670 843 724 870; x_wconf 87' lang='lat' dir='ltr'>ea</span> <span class='ocrx_word' id='word_1_93' title='bbox 751 844 800 871; x_wconf 87' lang='lat' dir='ltr'>re</span> <span class='ocrx_word' id='word_1_94' title='bbox 832 831 950 872; x_wconf 88' lang='lat' dir='ltr'>Hirt.</span> <span class='ocrx_word' id='word_1_95' title='bbox 983 830 1182 870; x_wconf 86' lang='lat' dir='ltr'>Theoria</span> <span class='ocrx_word' id='word_1_96' title='bbox 1216 828 1444 869; x_wconf 81' lang='lat' dir='ltr'>architect.</span> <span class='ocrx_word' id='word_1_97' title='bbox 1477 841 1520 881; x_wconf 89' lang='lat' dir='ltr'>p.</span> <span class='ocrx_word' id='word_1_98' title='bbox 1543 833 1602 874; x_wconf 80' lang='lat'>32</span> <span class='ocrx_word' id='word_1_99' title='bbox 1637 841 1730 882; x_wconf 91' lang='lat' dir='ltr'><strong>sqq.</strong></span> <span class='ocrx_word' id='word_1_100' title='bbox 1804 825 1854 866; x_wconf 89' lang='lat' dir='ltr'>In</span> <span class='ocrx_word' id='word_1_101' title='bbox 1890 825 2022 867; x_wconf 89' lang='lat' dir='ltr'>simili</span> <span class='ocrx_word' id='word_1_102' title='bbox 2054 841 2103 868; x_wconf 92' lang='lat' dir='ltr'>re</span> <span class='ocrx_word' id='word_1_103' title='bbox 2135 842 2226 870; x_wconf 92' lang='lat' dir='ltr'>no-</span> 
     </span>
     <span class='ocr_line' id='line_1_11' title="bbox 259 901 2227 967; baseline 0.001 -21"><span class='ocrx_word' id='word_1_104' title='bbox 259 905 418 948; x_wconf 80' lang='lat' dir='ltr'>strates</span> <span class='ocrx_word' id='word_1_105' title='bbox 455 905 698 951; x_wconf 85' lang='lat' dir='ltr'>vocabulo:</span> <span class='ocrx_word' id='word_1_106' title='bbox 739 908 919 967; x_wconf 86' lang='lat' dir='ltr'>Riegel,</span> <span class='ocrx_word' id='word_1_107' title='bbox 967 908 1089 966; x_wconf 90' lang='lat' dir='ltr'>quod</span> <span class='ocrx_word' id='word_1_108' title='bbox 1117 907 1294 949; x_wconf 87' lang='lat' dir='ltr'>Graeco</span> <span class='ocrx_word' id='word_1_109' title='bbox 1336 901 1571 962; x_wconf 70' lang='grc' dir='ltr'>ἐπιβλής,</span> <span class='ocrx_word' id='word_1_110' title='bbox 1617 904 1781 947; x_wconf 85' lang='lat' dir='ltr'>Latino</span> <span class='ocrx_word' id='word_1_111' title='bbox 1817 903 1935 947; x_wconf 82' lang='lat' dir='ltr'>obex</span> <span class='ocrx_word' id='word_1_112' title='bbox 1968 906 2227 963; x_wconf 86' lang='lat' dir='ltr'><strong>respondet,</strong></span> 
     </span>
     <span class='ocr_line' id='line_1_12' title="bbox 257 985 2228 1045; baseline 0.001 -19"><span class='ocrx_word' id='word_1_113' title='bbox 257 991 460 1028; x_wconf 83' lang='lat' dir='ltr'>utuntur.</span> <span class='ocrx_word' id='word_1_114' title='bbox 520 985 708 1030; x_wconf 68' lang='lat' dir='ltr'>‘Alterna</span> <span class='ocrx_word' id='word_1_115' title='bbox 737 995 972 1045; x_wconf 87' lang='lat' dir='ltr'>ponuntur</span> <span class='ocrx_word' id='word_1_116' title='bbox 1003 987 1111 1028; x_wconf 84' lang='lat' dir='ltr'>haec</span> <span class='ocrx_word' id='word_1_117' title='bbox 1145 987 1280 1043; x_wconf 86' lang='lat' dir='ltr'>tigna,</span> <span class='ocrx_word' id='word_1_118' title='bbox 1307 1000 1408 1027; x_wconf 90' lang='lat' dir='ltr'>cum</span> <span class='ocrx_word' id='word_1_119' title='bbox 1431 987 1589 1028; x_wconf 87' lang='lat' dir='ltr'>eodem</span> <span class='ocrx_word' id='word_1_120' title='bbox 1623 999 1813 1027; x_wconf 88' lang='lat' dir='ltr'>numero</span> <span class='ocrx_word' id='word_1_121' title='bbox 1840 985 1922 1026; x_wconf 87' lang='lat' dir='ltr'>sibi</span> <span class='ocrx_word' id='word_1_122' title='bbox 1955 986 2228 1042; x_wconf 89' lang='lat' dir='ltr'>respondent</span> 
     </span>
     <span class='ocr_line' id='line_1_13' title="bbox 261 1064 2224 1123; baseline 0.001 -18"><span class='ocrx_word' id='word_1_123' title='bbox 261 1064 428 1106; x_wconf 80' lang='lat' dir='ltr'>directa</span> <span class='ocrx_word' id='word_1_124' title='bbox 480 1073 521 1107; x_wconf 87' lang='lat' dir='ltr'>et</span> <span class='ocrx_word' id='word_1_125' title='bbox 564 1073 837 1109; x_wconf 82' lang='lat' dir='ltr'>transversa:</span> <span class='ocrx_word' id='word_1_126' title='bbox 883 1067 958 1110; x_wconf 81' lang='lat' dir='ltr'>vix</span> <span class='ocrx_word' id='word_1_127' title='bbox 995 1067 1112 1108; x_wconf 90' lang='lat' dir='ltr'>enim</span> <span class='ocrx_word' id='word_1_128' title='bbox 1152 1071 1327 1123; x_wconf 87' lang='lat' dir='ltr'>poterat</span> <span class='ocrx_word' id='word_1_129' title='bbox 1351 1064 1540 1106; x_wconf 82' lang='lat' dir='ltr'>latitudo</span> <span class='ocrx_word' id='word_1_130' title='bbox 1571 1065 1732 1122; x_wconf 86' lang='lat' dir='ltr'>parodi</span> <span class='ocrx_word' id='word_1_131' title='bbox 1765 1064 1909 1106; x_wconf 86' lang='lat' dir='ltr'>maior</span> <span class='ocrx_word' id='word_1_132' title='bbox 1936 1078 2057 1120; x_wconf 79' lang='lat' dir='ltr'>esse,</span> <span class='ocrx_word' id='word_1_133' title='bbox 2089 1080 2224 1122; x_wconf 79' lang='lat' dir='ltr'>quam</span> 
     </span>
     <span class='ocr_line' id='line_1_14' title="bbox 263 1141 1534 1202; baseline 0.001 -17"><span class='ocrx_word' id='word_1_134' title='bbox 263 1150 312 1184; x_wconf 88' lang='lat' dir='ltr'>ut</span> <span class='ocrx_word' id='word_1_135' title='bbox 342 1141 474 1186; x_wconf 85' lang='lat' dir='ltr'>inea</span> <span class='ocrx_word' id='word_1_136' title='bbox 508 1146 698 1201; x_wconf 86' lang='lat' dir='ltr'>tegenda</span> <span class='ocrx_word' id='word_1_137' title='bbox 734 1147 932 1202; x_wconf 85' lang='lat' dir='ltr'>singulae</span> <span class='ocrx_word' id='word_1_138' title='bbox 964 1144 1234 1201; x_wconf 60' lang='grc' dir='ltr'><em>ὲπιβλῆτες</em></span> <span class='ocrx_word' id='word_1_139' title='bbox 1266 1146 1534 1187; x_wconf 86' lang='lat' dir='ltr'>sufficerent.</span> 
     </span>
    </p>

    <p class='ocr_par' dir='ltr' id='par_1_3' title="bbox 246 1217 2227 2628">
     <span class='ocr_line' id='line_1_15' title="bbox 399 1217 2225 1286; baseline 0.001 -15"><span class='ocrx_word' id='word_1_140' title='bbox 399 1227 684 1286; x_wconf 74' lang='grc' dir='ltr'><em>στρωτῆρσιν</em></span> <span class='ocrx_word' id='word_1_141' title='bbox 716 1222 1097 1286; x_wconf 74' lang='grc' dir='ltr'><em>περιενκεντρίσει</em></span> <span class='ocrx_word' id='word_1_142' title='bbox 1132 1217 1393 1271; x_wconf 77' lang='grc' dir='ltr'><em>διαλείπων</em></span> <span class='ocrx_word' id='word_1_143' title='bbox 1432 1226 1553 1286; x_wconf 76' lang='grc' dir='ltr'><em>τρεῖς</em></span> <span class='ocrx_word' id='word_1_144' title='bbox 1585 1220 1855 1272; x_wconf 60' lang='grc' dir='ltr'>παλαιστάς</span> <span class='ocrx_word' id='word_1_145' title='bbox 1887 1223 1944 1270; x_wconf 80' lang='grc' dir='ltr'>ἐκ</span> <span class='ocrx_word' id='word_1_146' title='bbox 1977 1225 2064 1270; x_wconf 77' lang='grc' dir='ltr'>τοῦ</span> <span class='ocrx_word' id='word_1_147' title='bbox 2104 1221 2225 1272; x_wconf 77' lang='grc' dir='ltr'>ἐποί-</span> 
     </span>
     <span class='ocr_line' id='line_1_16' title="bbox 259 1300 2227 1365; baseline 0.002 -20"><span class='ocrx_word' id='word_1_148' title='bbox 259 1300 433 1349; x_wconf 72' lang='grc' dir='ltr'><em>νωθεν.</em></span> <span class='ocrx_word' id='word_1_149' title='bbox 509 1304 787 1365; x_wconf 68' lang='grc' dir='ltr'><em>Στρωτῆρες</em></span> <span class='ocrx_word' id='word_1_150' title='bbox 830 1317 1082 1360; x_wconf 81' lang='lat' dir='ltr'>quanquam</span> <span class='ocrx_word' id='word_1_151' title='bbox 1115 1304 1219 1343; x_wconf 82' lang='lat' dir='ltr'>satis</span> <span class='ocrx_word' id='word_1_152' title='bbox 1253 1303 1417 1358; x_wconf 85' lang='lat' dir='ltr'>cogniti</span> <span class='ocrx_word' id='word_1_153' title='bbox 1448 1317 1542 1344; x_wconf 88' lang='lat' dir='ltr'>esse</span> <span class='ocrx_word' id='word_1_154' title='bbox 1575 1305 1785 1346; x_wconf 88' lang='lat' dir='ltr'>videntur</span> <span class='ocrx_word' id='word_1_155' title='bbox 1817 1300 1877 1362; x_wconf 87' lang='lat' dir='ltr'>(v.</span> <span class='ocrx_word' id='word_1_156' title='bbox 1911 1310 2063 1344; x_wconf 87' lang='lat' dir='ltr'>annot.</span> <span class='ocrx_word' id='word_1_157' title='bbox 2095 1306 2154 1345; x_wconf 84' lang='lat' dir='ltr'>ad</span> <span class='ocrx_word' id='word_1_158' title='bbox 2186 1319 2227 1351; x_wconf 82' lang='lat' dir='ltr'>v.</span> 
     </span>
     <span class='ocr_line' id='line_1_17' title="bbox 258 1378 2226 1445; baseline 0.005 -24"><span class='ocrx_word' id='word_1_159' title='bbox 258 1384 377 1436; x_wconf 57' lang='lat'>602),</span> <span class='ocrx_word' id='word_1_160' title='bbox 410 1379 840 1444; x_wconf 62' lang='grc' dir='ltr'>,περιεγκεντρίζειν</span> <span class='ocrx_word' id='word_1_161' title='bbox 868 1390 1021 1425; x_wconf 87' lang='lat' dir='ltr'>tamen</span> <span class='ocrx_word' id='word_1_162' title='bbox 1065 1383 1251 1426; x_wconf 83' lang='lat' dir='ltr'>verbum</span> <span class='ocrx_word' id='word_1_163' title='bbox 1297 1382 1384 1423; x_wconf 90' lang='lat' dir='ltr'>hoc</span> <span class='ocrx_word' id='word_1_164' title='bbox 1411 1383 1559 1438; x_wconf 88' lang='lat' dir='ltr'>primo</span> <span class='ocrx_word' id='word_1_165' title='bbox 1591 1383 1692 1424; x_wconf 88' lang='lat' dir='ltr'>loco</span> <span class='ocrx_word' id='word_1_166' title='bbox 1724 1383 1887 1439; x_wconf 88' lang='lat' dir='ltr'>prodit.</span> <span class='ocrx_word' id='word_1_167' title='bbox 1949 1378 2226 1445; x_wconf 70' lang='grc' dir='ltr'>Ἐγκεντρῖς</span> 
     </span>
     <span class='ocr_line' id='line_1_18' title="bbox 259 1459 2224 1524; baseline 0.001 -23"><span class='ocrx_word' id='word_1_168' title='bbox 259 1462 438 1502; x_wconf 79' lang='lat' dir='ltr'>aculeus</span> <span class='ocrx_word' id='word_1_169' title='bbox 484 1469 549 1503; x_wconf 91' lang='lat' dir='ltr'>est</span> <span class='ocrx_word' id='word_1_170' title='bbox 589 1462 851 1505; x_wconf 87' lang='lat' dir='ltr'>infodiendo</span> <span class='ocrx_word' id='word_1_171' title='bbox 896 1463 966 1506; x_wconf 88' lang='lat' dir='ltr'>vel</span> <span class='ocrx_word' id='word_1_172' title='bbox 1015 1462 1305 1517; x_wconf 87' lang='lat' dir='ltr'>impingendo</span> <span class='ocrx_word' id='word_1_173' title='bbox 1350 1461 1564 1515; x_wconf 80' lang='lat' dir='ltr'>idoneu83</span> <span class='ocrx_word' id='word_1_174' title='bbox 1624 1461 1773 1517; x_wconf 83' lang='lat' dir='ltr'>itaque</span> <span class='ocrx_word' id='word_1_175' title='bbox 1803 1459 2224 1524; x_wconf 65' lang='grc' dir='ltr'>περιεγχεντρίζειν</span> 
     </span>
     <span class='ocr_line' id='line_1_19' title="bbox 258 1540 2221 1602; baseline -0.001 -15"><span class='ocrx_word' id='word_1_176' title='bbox 258 1541 542 1602; x_wconf 72' lang='grc' dir='ltr'>στρωτῆρσιν</span> <span class='ocrx_word' id='word_1_177' title='bbox 570 1541 681 1582; x_wconf 87' lang='lat' dir='ltr'>nihil</span> <span class='ocrx_word' id='word_1_178' title='bbox 713 1541 834 1585; x_wconf 88' lang='lat' dir='ltr'>aliud</span> <span class='ocrx_word' id='word_1_179' title='bbox 863 1556 958 1584; x_wconf 87' lang='lat' dir='ltr'>esse</span> <span class='ocrx_word' id='word_1_180' title='bbox 989 1547 1163 1599; x_wconf 89' lang='lat' dir='ltr'>potest,</span> <span class='ocrx_word' id='word_1_181' title='bbox 1212 1540 1298 1582; x_wconf 90' lang='lat' dir='ltr'>nisi</span> <span class='ocrx_word' id='word_1_182' title='bbox 1330 1540 1529 1597; x_wconf 90' lang='lat' dir='ltr'>undique</span> <span class='ocrx_word' id='word_1_183' title='bbox 1563 1540 1632 1582; x_wconf 85' lang='lat' dir='ltr'>vel</span> <span class='ocrx_word' id='word_1_184' title='bbox 1666 1541 1877 1597; x_wconf 89' lang='lat' dir='ltr'>utrinque</span> <span class='ocrx_word' id='word_1_185' title='bbox 1909 1554 2075 1583; x_wconf 87' lang='lat' dir='ltr'><strong>asseres</strong></span> <span class='ocrx_word' id='word_1_186' title='bbox 2108 1556 2221 1585; x_wconf 83' lang='lat' dir='ltr'>acu—</span> 
     </span>
     <span class='ocr_line' id='line_1_20' title="bbox 258 1620 2222 1676; baseline 0.002 -17"><span class='ocrx_word' id='word_1_187' title='bbox 258 1626 325 1659; x_wconf 81' lang='lat' dir='ltr'>tos</span> <span class='ocrx_word' id='word_1_188' title='bbox 354 1620 614 1676; x_wconf 80' lang='lat' dir='ltr'>impingere.</span> <span class='ocrx_word' id='word_1_189' title='bbox 679 1620 897 1676; x_wconf 89' lang='lat' dir='ltr'>Apertum</span> <span class='ocrx_word' id='word_1_190' title='bbox 930 1628 996 1661; x_wconf 90' lang='lat' dir='ltr'>est</span> <span class='ocrx_word' id='word_1_191' title='bbox 1030 1621 1225 1676; x_wconf 88' lang='lat' dir='ltr'>aliquam</span> <span class='ocrx_word' id='word_1_192' title='bbox 1255 1620 1470 1660; x_wconf 85' lang='lat' dir='ltr'>materiae</span> <span class='ocrx_word' id='word_1_193' title='bbox 1493 1627 1830 1675; x_wconf 84' lang='lat' dir='ltr'>compacturam</span> <span class='ocrx_word' id='word_1_194' title='bbox 1858 1620 2062 1671; x_wconf 88' lang='lat' dir='ltr'>indicari,</span> <span class='ocrx_word' id='word_1_195' title='bbox 2093 1635 2222 1663; x_wconf 85' lang='lat' dir='ltr'>eam—</span> 
     </span>
     <span class='ocr_line' id='line_1_21' title="bbox 256 1698 2221 1754; baseline 0.003 -16"><span class='ocrx_word' id='word_1_196' title='bbox 256 1713 342 1753; x_wconf 89' lang='lat' dir='ltr'>que</span> <span class='ocrx_word' id='word_1_197' title='bbox 384 1700 574 1754; x_wconf 83' lang='lat' dir='ltr'>antiquis</span> <span class='ocrx_word' id='word_1_198' title='bbox 611 1699 862 1740; x_wconf 79' lang='lat' dir='ltr'>architectis</span> <span class='ocrx_word' id='word_1_199' title='bbox 905 1706 996 1740; x_wconf 85' lang='lat' dir='ltr'>tam</span> <span class='ocrx_word' id='word_1_200' title='bbox 1038 1699 1174 1740; x_wconf 88' lang='lat' dir='ltr'>fuisse</span> <span class='ocrx_word' id='word_1_201' title='bbox 1209 1698 1322 1739; x_wconf 89' lang='lat' dir='ltr'>bene</span> <span class='ocrx_word' id='word_1_202' title='bbox 1364 1699 1613 1754; x_wconf 82' lang='lat' dir='ltr'>cognitam,</span> <span class='ocrx_word' id='word_1_203' title='bbox 1656 1705 1706 1739; x_wconf 87' lang='lat' dir='ltr'>ut</span> <span class='ocrx_word' id='word_1_204' title='bbox 1739 1713 1830 1739; x_wconf 92' lang='lat' dir='ltr'>uno</span> <span class='ocrx_word' id='word_1_205' title='bbox 1876 1705 2051 1741; x_wconf 85' lang='lat' dir='ltr'>tantum</span> <span class='ocrx_word' id='word_1_206' title='bbox 2081 1701 2221 1744; x_wconf 89' lang='lat' dir='ltr'>verbo</span> 
     </span>
     <span class='ocr_line' id='line_1_22' title="bbox 258 1776 2221 1841; baseline 0.002 -22"><span class='ocrx_word' id='word_1_207' title='bbox 258 1792 370 1834; x_wconf 88' lang='lat' dir='ltr'>opus</span> <span class='ocrx_word' id='word_1_208' title='bbox 404 1784 539 1829; x_wconf 83' lang='lat' dir='ltr'>esset,</span> <span class='ocrx_word' id='word_1_209' title='bbox 585 1783 719 1834; x_wconf 82' lang='lat' dir='ltr'>atque</span> <span class='ocrx_word' id='word_1_210' title='bbox 764 1777 894 1818; x_wconf 88' lang='lat' dir='ltr'>etiam</span> <span class='ocrx_word' id='word_1_211' title='bbox 930 1791 1086 1818; x_wconf 91' lang='lat' dir='ltr'>eorum</span> <span class='ocrx_word' id='word_1_212' title='bbox 1129 1777 1381 1834; x_wconf 85' lang='lat' dir='ltr'>tignorum,</span> <span class='ocrx_word' id='word_1_213' title='bbox 1424 1776 1469 1817; x_wconf 91' lang='lat' dir='ltr'>in</span> <span class='ocrx_word' id='word_1_214' title='bbox 1505 1792 1619 1835; x_wconf 90' lang='lat' dir='ltr'>quae</span> <span class='ocrx_word' id='word_1_215' title='bbox 1649 1778 1911 1841; x_wconf 65' lang='grc' dir='ltr'><em>στρωτῆρες</em></span> <span class='ocrx_word' id='word_1_216' title='bbox 1942 1778 2221 1837; x_wconf 86' lang='lat' dir='ltr'>impingendi</span> 
     </span>
     <span class='ocr_line' id='line_1_23' title="bbox 246 1849 2219 1914; baseline 0 -16"><span class='ocrx_word' id='word_1_217' title='bbox 246 1865 423 1911; x_wconf 72' lang='lat' dir='ltr'>essent,</span> <span class='ocrx_word' id='word_1_218' title='bbox 457 1849 644 1903; x_wconf 67' lang='grc' dir='ltr'>δοκίδων</span> <span class='ocrx_word' id='word_1_219' title='bbox 674 1863 808 1913; x_wconf 89' lang='lat' dir='ltr'>puto,</span> <span class='ocrx_word' id='word_1_220' title='bbox 841 1858 1008 1897; x_wconf 85' lang='lat' dir='ltr'>mentio</span> <span class='ocrx_word' id='word_1_221' title='bbox 1043 1856 1188 1897; x_wconf 87' lang='lat' dir='ltr'>omitti</span> <span class='ocrx_word' id='word_1_222' title='bbox 1220 1862 1383 1911; x_wconf 86' lang='lat' dir='ltr'>posset.</span> <span class='ocrx_word' id='word_1_223' title='bbox 1464 1856 1579 1897; x_wconf 90' lang='lat' dir='ltr'>Puto</span> <span class='ocrx_word' id='word_1_224' title='bbox 1612 1858 1840 1912; x_wconf 87' lang='lat' dir='ltr'>tignorum</span> <span class='ocrx_word' id='word_1_225' title='bbox 1874 1857 2037 1898; x_wconf 90' lang='lat' dir='ltr'>horum</span> <span class='ocrx_word' id='word_1_226' title='bbox 2057 1871 2219 1914; x_wconf 86' lang='lat' dir='ltr'>super-</span> 
     </span>
     <span class='ocr_line' id='line_1_24' title="bbox 255 1934 2218 1996; baseline 0.001 -19"><span class='ocrx_word' id='word_1_227' title='bbox 255 1936 401 1977; x_wconf 84' lang='lat' dir='ltr'>ficiem</span> <span class='ocrx_word' id='word_1_228' title='bbox 434 1938 496 1977; x_wconf 79' lang='lat' dir='ltr'>ita</span> <span class='ocrx_word' id='word_1_229' title='bbox 526 1936 810 1976; x_wconf 87' lang='lat' dir='ltr'>incidendam</span> <span class='ocrx_word' id='word_1_230' title='bbox 845 1934 1003 1986; x_wconf 87' lang='lat' dir='ltr'>fuisse,</span> <span class='ocrx_word' id='word_1_231' title='bbox 1047 1942 1096 1975; x_wconf 90' lang='lat' dir='ltr'>ut</span> <span class='ocrx_word' id='word_1_232' title='bbox 1127 1937 1388 1996; x_wconf 65' lang='grc' dir='ltr'><em>στρωτῆρες</em></span> <span class='ocrx_word' id='word_1_233' title='bbox 1420 1936 1610 1976; x_wconf 85' lang='lat' dir='ltr'>extremi</span> <span class='ocrx_word' id='word_1_234' title='bbox 1643 1936 1685 1976; x_wconf 90' lang='lat' dir='ltr'>ei</span> <span class='ocrx_word' id='word_1_235' title='bbox 1714 1936 2086 1990; x_wconf 83' lang='lat' dir='ltr'>immitterentur,</span> <span class='ocrx_word' id='word_1_236' title='bbox 2128 1951 2218 1978; x_wconf 91' lang='lat' dir='ltr'>ne-</span> 
     </span>
     <span class='ocr_line' id='line_1_25' title="bbox 257 2014 2220 2071; baseline 0.001 -15"><span class='ocrx_word' id='word_1_237' title='bbox 257 2029 343 2071; x_wconf 91' lang='lat' dir='ltr'>que</span> <span class='ocrx_word' id='word_1_238' title='bbox 375 2021 525 2056; x_wconf 86' lang='lat' dir='ltr'>tamen</span> <span class='ocrx_word' id='word_1_239' title='bbox 557 2015 639 2056; x_wconf 92' lang='lat' dir='ltr'>hos</span> <span class='ocrx_word' id='word_1_240' title='bbox 673 2029 753 2070; x_wconf 89' lang='lat' dir='ltr'>per</span> <span class='ocrx_word' id='word_1_241' title='bbox 787 2021 928 2055; x_wconf 88' lang='lat' dir='ltr'>totam</span> <span class='ocrx_word' id='word_1_242' title='bbox 959 2014 1299 2055; x_wconf 82' lang='lat' dir='ltr'>crassitudinem</span> <span class='ocrx_word' id='word_1_243' title='bbox 1334 2014 1546 2055; x_wconf 85' lang='lat' dir='ltr'>demissos</span> <span class='ocrx_word' id='word_1_244' title='bbox 1581 2027 1673 2055; x_wconf 86' lang='lat' dir='ltr'>esse</span> <span class='ocrx_word' id='word_1_245' title='bbox 1705 2015 1750 2055; x_wconf 91' lang='lat' dir='ltr'>in</span> <span class='ocrx_word' id='word_1_246' title='bbox 1779 2014 1923 2070; x_wconf 87' lang='lat' dir='ltr'>tigna,</span> <span class='ocrx_word' id='word_1_247' title='bbox 1957 2015 2033 2056; x_wconf 91' lang='lat' dir='ltr'>sed</span> <span class='ocrx_word' id='word_1_248' title='bbox 2065 2016 2220 2057; x_wconf 86' lang='lat' dir='ltr'>maxi—</span> 
     </span>
     <span class='ocr_line' id='line_1_26' title="bbox 256 2088 2218 2153; baseline 0.001 -18"><span class='ocrx_word' id='word_1_249' title='bbox 256 2109 376 2135; x_wconf 85' lang='lat' dir='ltr'>mam</span> <span class='ocrx_word' id='word_1_250' title='bbox 408 2100 583 2150; x_wconf 87' lang='lat' dir='ltr'>partem</span> <span class='ocrx_word' id='word_1_251' title='bbox 618 2094 1003 2149; x_wconf 88' lang='lat' dir='ltr'>supereminuisse.</span> <span class='ocrx_word' id='word_1_252' title='bbox 1037 2094 1039 2096; x_wconf 78' lang='grc'><strong>’</strong></span> <span class='ocrx_word' id='word_1_253' title='bbox 1079 2092 1366 2149; x_wconf 68' lang='lat' dir='ltr'>Intervallum</span> <span class='ocrx_word' id='word_1_254' title='bbox 1401 2088 1676 2153; x_wconf 68' lang='grc' dir='ltr'>στρωτήρων</span> <span class='ocrx_word' id='word_1_255' title='bbox 1708 2093 1871 2134; x_wconf 87' lang='lat' dir='ltr'>dicitur</span> <span class='ocrx_word' id='word_1_256' title='bbox 1911 2107 2005 2134; x_wconf 89' lang='lat' dir='ltr'>esse</span> <span class='ocrx_word' id='word_1_257' title='bbox 2038 2094 2218 2150; x_wconf 84' lang='lat' dir='ltr'>palmo—</span> 
     </span>
     <span class='ocr_line' id='line_1_27' title="bbox 255 2170 2219 2231; baseline 0.001 -17"><span class='ocrx_word' id='word_1_258' title='bbox 255 2186 364 2215; x_wconf 84' lang='lat' dir='ltr'>rum</span> <span class='ocrx_word' id='word_1_259' title='bbox 392 2171 605 2231; x_wconf 87' lang='lat' dir='ltr'>(intelligo</span> <span class='ocrx_word' id='word_1_260' title='bbox 634 2171 805 2229; x_wconf 87' lang='lat' dir='ltr'>palmos</span> <span class='ocrx_word' id='word_1_261' title='bbox 832 2171 1044 2227; x_wconf 87' lang='lat' dir='ltr'>minores)</span> <span class='ocrx_word' id='word_1_262' title='bbox 1077 2170 1175 2225; x_wconf 87' lang='lat'>111.‚</span> <span class='ocrx_word' id='word_1_263' title='bbox 1206 2171 1253 2212; x_wconf 92' lang='lat' dir='ltr'>id</span> <span class='ocrx_word' id='word_1_264' title='bbox 1287 2177 1351 2213; x_wconf 88' lang='lat' dir='ltr'>est</span> <span class='ocrx_word' id='word_1_265' title='bbox 1385 2171 1627 2228; x_wconf 85' lang='lat' dir='ltr'>digitorum</span> <span class='ocrx_word' id='word_1_266' title='bbox 1660 2170 1784 2225; x_wconf 89' lang='lat' dir='ltr'>XII.,</span> <span class='ocrx_word' id='word_1_267' title='bbox 1830 2185 1886 2214; x_wconf 87' lang='lat' dir='ltr'>ex</span> <span class='ocrx_word' id='word_1_268' title='bbox 1915 2186 2003 2230; x_wconf 93' lang='lat' dir='ltr'>quo</span> <span class='ocrx_word' id='word_1_269' title='bbox 2031 2180 2219 2231; x_wconf 85' lang='lat' dir='ltr'>apparet</span> 
     </span>
     <span class='ocr_line' id='line_1_28' title="bbox 255 2247 2217 2314; baseline 0.001 -23"><span class='ocrx_word' id='word_1_270' title='bbox 255 2255 376 2310; x_wconf 83' lang='lat' dir='ltr'>ipsos</span> <span class='ocrx_word' id='word_1_271' title='bbox 423 2254 694 2314; x_wconf 61' lang='grc' dir='ltr'><em>στρωτῆρας</em></span> <span class='ocrx_word' id='word_1_272' title='bbox 731 2265 823 2292; x_wconf 90' lang='lat' dir='ltr'>non</span> <span class='ocrx_word' id='word_1_273' title='bbox 856 2251 1098 2292; x_wconf 87' lang='lat' dir='ltr'>admodum</span> <span class='ocrx_word' id='word_1_274' title='bbox 1128 2251 1298 2294; x_wconf 84' lang='lat' dir='ltr'>validos</span> <span class='ocrx_word' id='word_1_275' title='bbox 1332 2264 1499 2292; x_wconf 83' lang='lat' dir='ltr'>asseres</span> <span class='ocrx_word' id='word_1_276' title='bbox 1532 2265 1639 2292; x_wconf 91' lang='lat' dir='ltr'>esse.</span> <span class='ocrx_word' id='word_1_277' title='bbox 1718 2248 1808 2298; x_wconf 80' lang='grc' dir='ltr'>Ἐκ</span> <span class='ocrx_word' id='word_1_278' title='bbox 1841 2255 1926 2300; x_wconf 76' lang='grc' dir='ltr'>τοῦ</span> <span class='ocrx_word' id='word_1_279' title='bbox 1958 2247 2217 2301; x_wconf 70' lang='grc' dir='ltr'>ἐπάνωθεγ</span> 
     </span>
     <span class='ocr_line' id='line_1_29' title="bbox 256 2330 2219 2393; baseline 0.002 -20"><span class='ocrx_word' id='word_1_280' title='bbox 256 2331 848 2380; x_wconf 72' lang='lat' dir='ltr'>saciliuslesset&#39;intellectu,</span> <span class='ocrx_word' id='word_1_281' title='bbox 882 2332 919 2374; x_wconf 78' lang='lat' dir='ltr'>si</span> <span class='ocrx_word' id='word_1_282' title='bbox 953 2330 1301 2385; x_wconf 86' lang='lat' dir='ltr'>coniungeretur</span> <span class='ocrx_word' id='word_1_283' title='bbox 1331 2346 1433 2373; x_wconf 90' lang='lat' dir='ltr'>cum</span> <span class='ocrx_word' id='word_1_284' title='bbox 1459 2331 1604 2373; x_wconf 88' lang='lat' dir='ltr'>verbis</span> <span class='ocrx_word' id='word_1_285' title='bbox 1631 2334 1919 2392; x_wconf 74' lang='grc' dir='ltr'>στρωτῆρσιν</span> <span class='ocrx_word' id='word_1_286' title='bbox 1943 2346 2219 2393; x_wconf 71' lang='grc' dir='ltr'><em>περιεγκεν-</em></span> 
     </span>
     <span class='ocr_line' id='line_1_30' title="bbox 254 2403 2219 2475; baseline -0.004 -14"><span class='ocrx_word' id='word_1_287' title='bbox 254 2411 535 2475; x_wconf 56' lang='lat' dir='ltr'>⁷95681‚&lt;sed</span> <span class='ocrx_word' id='word_1_288' title='bbox 569 2425 627 2453; x_wconf 90' lang='lat' dir='ltr'>ne</span> <span class='ocrx_word' id='word_1_289' title='bbox 655 2409 765 2452; x_wconf 91' lang='lat' dir='ltr'>ordo</span> <span class='ocrx_word' id='word_1_290' title='bbox 796 2408 1035 2453; x_wconf 85' lang='lat' dir='ltr'>verborum</span> <span class='ocrx_word' id='word_1_291' title='bbox 1066 2407 1299 2463; x_wconf 84' lang='lat' dir='ltr'>turbetur,</span> <span class='ocrx_word' id='word_1_292' title='bbox 1333 2409 1566 2467; x_wconf 86' lang='lat' dir='ltr'>acquiesco</span> <span class='ocrx_word' id='word_1_293' title='bbox 1600 2409 1647 2452; x_wconf 90' lang='lat' dir='ltr'>in</span> <span class='ocrx_word' id='word_1_294' title='bbox 1676 2416 1924 2453; x_wconf 86' lang='lat' dir='ltr'>structura:</span> <span class='ocrx_word' id='word_1_295' title='bbox 1958 2403 2219 2462; x_wconf 66' lang='grc' dir='ltr'><em>διαλείπων</em></span> 
     </span>
     <span class='ocr_line' id='line_1_31' title="bbox 255 2485 2216 2550; baseline 0.002 -18"><span class='ocrx_word' id='word_1_296' title='bbox 255 2495 309 2539; x_wconf 72' lang='grc' dir='ltr'>ἐκ</span> <span class='ocrx_word' id='word_1_297' title='bbox 343 2493 427 2539; x_wconf 74' lang='grc' dir='ltr'>τοῦ</span> <span class='ocrx_word' id='word_1_298' title='bbox 462 2486 746 2541; x_wconf 67' lang='grc' dir='ltr'><em>ὲπαζνωθεν,</em></span> <span class='ocrx_word' id='word_1_299' title='bbox 787 2495 919 2546; x_wconf 89' lang='lat' dir='ltr'>atque</span> <span class='ocrx_word' id='word_1_300' title='bbox 951 2488 1145 2529; x_wconf 87' lang='lat' dir='ltr'>arbitror</span> <span class='ocrx_word' id='word_1_301' title='bbox 1179 2485 1456 2550; x_wconf 67' lang='grc' dir='ltr'><em>στρωτήρων</em></span> <span class='ocrx_word' id='word_1_302' title='bbox 1490 2502 1590 2541; x_wconf 79' lang='lat' dir='ltr'>eam</span> <span class='ocrx_word' id='word_1_303' title='bbox 1622 2489 1759 2531; x_wconf 89' lang='lat' dir='ltr'>fuisse</span> <span class='ocrx_word' id='word_1_304' title='bbox 1790 2490 2010 2545; x_wconf 87' lang='lat' dir='ltr'>formam,</span> <span class='ocrx_word' id='word_1_305' title='bbox 2055 2499 2105 2534; x_wconf 88' lang='lat' dir='ltr'>ut</span> <span class='ocrx_word' id='word_1_306' title='bbox 2136 2508 2216 2535; x_wconf 89' lang='lat' dir='ltr'>su—</span> 
     </span>
     <span class='ocr_line' id='line_1_32' title="bbox 254 2567 1606 2628; baseline -0.003 -15"><span class='ocrx_word' id='word_1_307' title='bbox 254 2570 461 2628; x_wconf 82' lang='lat' dir='ltr'>perficies</span> <span class='ocrx_word' id='word_1_308' title='bbox 489 2583 656 2612; x_wconf 84' lang='lat' dir='ltr'>eorum</span> <span class='ocrx_word' id='word_1_309' title='bbox 688 2569 734 2609; x_wconf 90' lang='lat' dir='ltr'>in</span> <span class='ocrx_word' id='word_1_310' title='bbox 768 2567 993 2624; x_wconf 84' lang='lat' dir='ltr'>angustius</span> <span class='ocrx_word' id='word_1_311' title='bbox 1024 2569 1216 2624; x_wconf 85' lang='lat' dir='ltr'>spatium</span> <span class='ocrx_word' id='word_1_312' title='bbox 1250 2568 1606 2610; x_wconf 84' lang='lat' dir='ltr'>contraheretur.</span> 
     </span>
    </p>

    <p class='ocr_par' dir='ltr' id='par_1_4' title="bbox 396 2640 2216 2707">
     <span class='ocr_line' id='line_1_33' title="bbox 396 2640 2216 2707; baseline 0 -11"><span class='ocrx_word' id='word_1_313' title='bbox 396 2651 471 2697; x_wconf 80' lang='lat'>63.</span> <span class='ocrx_word' id='word_1_314' title='bbox 524 2646 608 2695; x_wconf 76' lang='grc' dir='ltr'><em>καῖ</em></span> <span class='ocrx_word' id='word_1_315' title='bbox 659 2640 1121 2705; x_wconf 68' lang='grc' dir='ltr'>ὃιοικοὸομήσας,,ὲπῖ</span> <span class='ocrx_word' id='word_1_316' title='bbox 1170 2648 1254 2694; x_wconf 81' lang='grc' dir='ltr'>τοῦ</span> <span class='ocrx_word' id='word_1_317' title='bbox 1277 2644 1456 2706; x_wconf 41' lang='grc' dir='ltr'>,τοίχου</span> <span class='ocrx_word' id='word_1_318' title='bbox 1500 2642 1737 2707; x_wconf 77' lang='grc' dir='ltr'><em>α’νατεμεῖ</em></span> <span class='ocrx_word' id='word_1_319' title='bbox 1769 2644 1825 2695; x_wconf 84' lang='grc' dir='ltr'><em>τό</em></span> <span class='ocrx_word' id='word_1_320' title='bbox 1866 2642 2216 2706; x_wconf 71' lang='grc' dir='ltr'>Ὑεισηπόὸισμα.</span> 
     </span>
    </p>
   </div>
   <div class='ocr_carea' id='block_1_3' title="bbox 256 2725 2217 2850">
    <p class='ocr_par' dir='ltr' id='par_1_5' title="bbox 256 2725 2217 2850">
     <span class='ocr_line' id='line_1_34' title="bbox 256 2725 2217 2783; baseline -0.003 -6"><span class='ocrx_word' id='word_1_321' title='bbox 256 2725 827 2778; x_wconf 80' lang='grc' dir='ltr'>ΔῙΟΙΚΟΔΟΜΗΣΕΙ</span> <span class='ocrx_word' id='word_1_322' title='bbox 866 2727 966 2770; x_wconf 87' lang='lat' dir='ltr'>P-itt.</span> <span class='ocrx_word' id='word_1_323' title='bbox 1001 2726 1544 2775; x_wconf 72' lang='lat' dir='ltr'>TEOEAHOAIEMA</span> <span class='ocrx_word' id='word_1_324' title='bbox 1583 2728 1729 2783; x_wconf 81' lang='lat' dir='ltr'>idem,</span> <span class='ocrx_word' id='word_1_325' title='bbox 1768 2730 1846 2772; x_wconf 90' lang='lat' dir='ltr'>sed</span> <span class='ocrx_word' id='word_1_326' title='bbox 1886 2731 1974 2771; x_wconf 87' lang='lat' dir='ltr'>iam</span> <span class='ocrx_word' id='word_1_327' title='bbox 2001 2730 2217 2772; x_wconf 85' lang='lat' dir='ltr'>Franzius</span> 
     </span>
     <span class='ocr_line' id='line_1_35' title="bbox 1749 2807 1796 2850; baseline 0 0"><span class='ocrx_word' id='word_1_328' title='bbox 1749 2807 1796 2850; x_wconf 91' lang='lat' dir='ltr'>H</span> 
     </span>
    </p>
   </div>
  </div>
 </body>
</html>
