2509 3028
687 523 695 530 .
734 490 751 525 3.
792 421 1679 542 coainznirhnossgawm
1720 509 1758 515 ,Α
1828 430 1860 491 J
1896 488 1902 496 -

475 566 623 600 Lucra
655 566 703 600 us
717 580 720 583 -
734 566 980 602 consessu,
997 566 1097 603 soc.
1128 563 1249 602 ase:
1268 567 1312 601 m
1330 564 1423 601 xm.
1445 567 1580 601 rena.
1612 568 1651 599 a
1672 547 1982 599 mncccixxvt

385 777 432 826 1.
501 754 771 844 Sapei-iore
799 787 1197 845 commentatione
1227 786 1475 832 *historiam
1516 784 1902 843 munimentorum
1934 778 2217 824 Athenarum

245 874 388 922 usque
419 862 478 905 ad
507 862 829 908 Demosthenis
849 871 1075 922 tempora
1105 864 1429 922 perlustrantes
1461 866 1636 908 nullum
1674 863 1781 904 dum
1815 867 1992 917 tempus
2029 860 2217 904 iuvene-

246 956 426 998 ramus,
467 944 540 987 cui
572 943 779 1001 titulum,
822 933 958 1002 quem
989 926 1305 1002 explicandum
1338 945 1637 1002 suscepimus,
1683 947 1877 1000 propter
1898 930 1974 983 *ea
2009 955 2126 998 quae
2158 940 2214 983 ab

246 1021 440 1079 antiquis
465 1023 763 1080 scriptoribus
795 1023 1042 1077 memoriae
1077 1023 1358 1081 produntur,
1402 1023 1766 1066 attribueremus.
1830 1019 2091 1077 scripturae
2131 1035 2216 1062 ra-

245 1101 305 1141 tio
335 1106 545 1162 tempora
571 1102 760 1156 indicat,
799 1117 914 1158 quae
943 1103 1062 1148 inter
1091 1093 1636 1159 finem'zPeloponnesiaci
1663 1107 1708 1142 et
1730 1098 2037 1142 Alexandrum
2070 1099 2216 1141 inter—

245 1186 485 1238 cesserunt.
548 1180 637 1228 Sed
668 1180 728 1223 ad
756 1194 815 1236 ‘ea
839 1194 1001 1238 opera,
1043 1196 1159 1239 quae
1189 1165 1377 1227 Conone
1402 1187 1588 1224 auctore
1620 1177 1810 1222 Athenis
1839 1176 1964 1221 facta
1990 1184 2117 1234 sunt,
2152 1178 2216 1223 ti-

230 1256 325 1299 'tuli
358 1265 672 1315 argumentum
704 1273 918 1304 revocare
948 1260 1199 1314 nonlicet,
1239 1266 1486 1317 propterea
1530 1258 1655 1315 quod.
1684 1257 1813 1300 Cono
1858 1268 2014 1299 muros
2058 1257 2215 1316 longos

243 1342 288 1378 et
305 1336 482 1379 Piraeei
514 1337 793 1380 munimenta
824 1337 974 1380 denuo
1006 1338 1182 1391 struxit,
1213 1338 1285 1381 hic
1316 1330 1467 1380 autem
1492 1337 1647 1380 titulus
1676 1344 1797 1379 totus
1825 1341 2032 1381 versatur
2056 1337 2104 1379 in
2136 1352 2216 1381 re-

242 1415 443 1459 ficiendis
474 1417 528 1458 iis
560 1430 796 1468 murorum
823 1417 1051 1475 partibus,
1093 1432 1209 1475 quae
1242 1418 1314 1476 vel
1340 1424 1559 1462 vetustate
1592 1416 1812 1474 collapsae
1850 1421 1980 1456 erant
2011 1415 2082 1458 vel
2118 1417 2226 1465 aliis

244 1496 301 1536 de
336 1495 480 1538 causis
519 1495 798 1544 laborabant.
878 1497 969 1551 Sed
1002 1497 1138 1539 etiam
1177 1497 1235 1540 ad
1269 1497 1598 1540 Chaeronensis
1637 1495 1797 1553 proelii
1838 1501 2017 1552 tempus
2053 1496 2216 1539 referri

244 1580 485 1631 propterea
527 1590 621 1618 non
662 1583 836 1633 potest,
883 1577 1005 1634 quod
1026 1583 1142 1626 3tum
1186 1584 1416 1620 curatores
1448 1591 1475 1618 a
1519 1575 1725 1619 tribubus
1768 1575 2001 1618 constituti
2045 1589 2215 1632 muros,
2285 1589 2294 1596 ‘

243 1653 435 1710 pecunia
463 1667 521 1696 ex
551 1653 732 1711 publico
765 1657 941 1699 aerario
969 1663 1172 1715 accepta,
1224 1656 1470 1699 restituere*
1495 1654 1600 1697 iussi
1642 1659 1770 1707 sunt,
1815 1653 2061 1698 secundum
2092 1649 2215 1700 hunc

242 1732 422 1774 *titulum
465 1739 614 1774 autem
660 1749 772 1789 opus
816 1750 1052 1776 murorum
1099 1735 1447 1777 reficiendorum
1470 1733 1853 1789 ‹redemptor-ibus
1894 1734 2090 1786 locatur,
2139 1737 2215 1793 qui

244 1826 346 1854 cum
387 1811 667 1854 curatoribus
708 1810 793 1856 illis
836 1813 946 1856 nihil
984 1828 1224 1857 commune
1265 1812 1447 1857 habent.
1530 1812 1630 1854 Neu
1672 1818 1825 1855 tamen
1870 1812 1992 1856 hunc
2036 1814 2211 1859 titulum

244 1892 362 1934 ultra
391 1890 635 1944 Alexandri
661 1898 874 1950 tempora*
900 1893 1231 1951 deprimamus,
1272 1877 1529 1948 dissuadere
1561 1892 1740 1936 videtur
1771 1907 1933 1951 magna
1965 1894 2213 1951 scripturae

189 2008 195 2010 ,
246 1971 488 2027 elegantia,
530 1970 853 2028 literarumque
881 1973 1164 2029 quarundam
1194 1966 1355 2013 fornia·
1370 1978 1415 2013 et
1437 1971 1654 2012 nonnulla
1678 1973 1940 2028 antiquioris
1965 1974 2214 2029 scripturae
2250 1965 2256 1970 ⁵

244 2047 429 2107 vestigia
446 2047 492 2108 1).
526 2047 776 2107 Definitius
795 2050 952 2093 aetatis
981 2050 1302 2107 documentum
1334 2064 1424 2093 non
1448 2049 1683 2104 habebam,
1713 2050 1856 2092 donec
1878 2050 1925 2093 in
1951 2053 2214 2111 apographo

244 2128 508 2184 Pittaciano,
529 2129 648 2186 quod
668 2134 770 2185 post
783 2128 1053 2172 Rossianum
1070 2136 1229 2172 nactus
1255 2144 1372 2181 sum,
1393 2130 1452 2184 (v.
1464 2138 1538 2181 37.
1557 2130 1650 2184 Fr.)
1672 2130 1844 2186 liquida
1860 2132 2041 2187 vestigia
2058 2142 2213 2174 extare

243 2208 337 2265 vidi
364 2209 559 2251 nominis
590 2208 888 2251 Habronis
911 2209 1172 2267 Lycurgi
1212 2210 1330 2251 filii
1359 2210 1639 2263 Butadae,
1671 2208 1958 2265 praefecti
1990 2213 2213 2268 impen-

245 2301 436 2331 sarum
469 2286 865 2345 publicarum,
911 2290 1034 2347 quod
1063 2287 1200 2334 Attici
1232 2289 1386 2333 dicunt
1418 2290 1503 2337 τοῦ
1535 2285 1615 2336 ἐπὶ
1647 2290 1713 2348 τῇ
1732 2281 1958 2343 διοικήσει.
2015 2290 2104 2334 Hic
2130 2293 2213 2347 vir,

244 2380 379 2425 quem
415 2365 629 2426 Lycurgi,
660 2368 842 2412 illustris
871 2369 994 2428 apud
1021 2367 1317 2413 Athenienses
1348 2363 1561 2425 oratoris,
1594 2368 1791 2412 filiorum
1819 2376 1929 2412 natu
1962 2372 2211 2415 maximum

244 2445 381 2488 fuisse
417 2446 676 2503 constat⁴2)‚
718 2450 858 2505 patris
892 2443 1071 2507 quidem
1105 2449 1229 2492 fama
1259 2450 1402 2493 multo
1434 2451 1585 2493 minor
1628 2457 1750 2504 erat,
1794 2451 1881 2492 sed
1920 2451 2212 2494 nihflominus

261 2672 264 2677 .
317 2632 359 2680 1)
387 2629 444 2667 V·
472 2630 511 2679 §-
537 2638 576 2674 5.

313 2714 367 2782 2).
383 2714 784 2769 Pseudo-Plutarchi
810 2728 987 2766 ari-oram
1015 2716 1447 2762 site.inwnstantiam
1474 2718 1519 2758 in
1542 2723 1588 2758 ea
1615 2730 1661 2780 re
1686 2716 1854 2766 castigat
1880 2714 2023 2754 Nissen
2050 2713 2101 2754 de
2127 2713 2212 2765 Ly-

387 2785 497 2836 curgi
521 2784 620 2823 Vita
648 2798 690 2838 p.
712 2789 764 2830 98
785 2796 846 2838 sq.
942 2825 963 2833 ,

1695 2858 1786 2905 DQ
