2509 3028
272 167 322 210 14
542 121 559 130 ⁸
819 201 823 204 Α
883 156 1031 201 CAR.
1084 156 1320 217 onom.
1372 151 1642 199 ιιϋιιειι
1700 135 1702 139 ’
1772 146 1777 148 ’

272 294 434 340 pagam
463 277 661 326 solveret
684 274 763 335 3⁸).
835 276 927 321 Ubi
960 290 1068 322 vero
1106 275 1165 319 ab
1197 290 1317 335 aqua
1355 273 1469 320 nihil
1511 263 1809 324 metuendu'm
1848 282 1993 333 emt.
2020 295 2256 329 murorum

271 361 507 406 architecti
538 359 587 403 id
612 373 756 418 genus
779 364 1033 403 structurae
1069 371 1162 401 non
1187 356 1523 416 improbabant,
1551 364 1796 417 propterea
1822 358 1946 419 quod
1970 358 2134 405 lateres
2163 377 2259 408 non

275 442 393 485 cocti
426 441 595 485 maiori
637 440 878 484 tenacitate
912 437 1211 495 poliorceticis
1244 424 1463 481 machinis
1504 439 1764 483 resisterent
1806 455 1943 499 quam
1983 440 2154 501 lapides
2181 441 2259 501 ⁵9).

274 522 492 567 Ceterum
524 520 608 565 hos
639 533 798 565 muros
828 519 966 564 etiam
995 518 1118 564 fossa
1145 519 1476 564 circumductos
1503 518 1667 575 fuisse,
1693 520 1809 566 sicut
1838 524 2130 584 antiquorum
2159 537 2261 568 mos

275 609 401 666 erat,
433 601 583 646 nullus
610 599 772 644 dubito
787 598 869 657 4⁰).

421 756 471 801 7.
540 755 681 814 Quod
708 760 766 802 ad
799 759 936 803 situm
969 766 1015 803 et
1045 760 1399 822 designationem
1437 771 1598 804 eornm
1625 773 1864 803 murorum
1891 759 2079 813 attinet,
2119 759 2179 802 de
2199 773 2263 802 ⁴es
2310 819 2315 822 ᾖ

274 855 326 906 re
355 854 463 883 eum
492 854 551 882 ex
577 840 875 898 antiquorum
906 840 1180 898 scriptorum
1213 839 1303 883 fide
1330 853 1559 899 perpauca
1592 845 1815 894 constent,
1845 837 1930 883 soli
1949 837 2156 882 locorum
2179 832 2265 886 αὖ.

273 915 459 968 τόπται
490 919 714 976 integram
742 927 787 963 et
819 919 1000 977 plenam
1034 919 1130 962 eius
1161 921 1368 966 notitiam
1398 926 1629 979 praestare
1659 926 1887 978 poterunt.
1948 918 2023 961 Ex
2053 914 2265 963 hisLas-

275 1000 374 1043 kius
422 998 481 1045 V.
522 998 588 1041 Cl.
631 999 692 1050 ad
741 1006 948 1043 nostrum
998 1013 1142 1057 usque
1196 1007 1378 1057 tempus
1428 1014 1529 1043 eam
1577 1000 1887 1058 quaestionem
1927 999 2265 1056 diligentissime

274 1079 499 1140 tractavit.
573 1077 847 1135 Quanquam
881 1092 982 1121 eam
1024 1079 1235 1122 nondum
1268 1079 1333 1122 ita
1364 1080 1579 1134 absolvit,
1611 1086 1663 1122 ut
1691 1093 1749 1121 ex
1782 1093 2017 1131 murorum
2057 1077 2265 1135 vestigiis,

278 1172 397 1217 quae
431 1163 588 1201 notata
617 1162 748 1211 sunt,
787 1158 1086 1200 munientium
1115 1140 1351 1201 consilium
1382 1165 1430 1200 et
1462 1159 1509 1201 in
1542 1159 1747 1202 hostibus
1778 1159 1983 1220 arcendis
2015 1158 2266 1216 providen-

275 1239 340 1280 tia
371 1242 628 1296 appareret.
691 1237 811 1280 Sane
840 1252 997 1282 versus
1030 1244 1260 1292 austrum,
1305 1244 1487 1295 praeter
1516 1238 1630 1281 Ilissi
1656 1240 1830 1297 ripam,
1870 1238 2001 1281 facile
2031 1237 2266 1295 intelligas,

276 1315 519 1361 murorum
555 1317 913 1375 designationem
945 1317 1074 1375 sequi
1106 1331 1206 1359 eam
1247 1317 1440 1366 lineam,
1482 1333 1619 1376 quam
1651 1319 1749 1377 ipsa
1781 1325 1947 1361 natura
1978 1318 2121 1379 videri
2152 1332 2267 1375 pos-

278 1400 338 1440 sit
363 1397 548 1440 collium
582 1404 628 1439 et
659 1398 885 1441 editorum
917 1397 1126 1440 locorum
1166 1397 1423 1453 decliyitate
1467 1398 1759 1441 munimentis
1801 1396 2083 1441 Athenarum
2131 1412 2267 1455 prae-

280 1478 531 1536 scripsisse3
575 1490 751 1535 neque,
792 1479 831 1534 si
867 1477 1122 1520 testimonia
1165 1484 1370 1522 veterum
1413 1477 1684 1534 scriptorum
1722 1477 1977 1535 sequimur,
2031 1478 2152 1520 muri
2182 1478 2267 1521 hae

325 1666 399 1711 38)
426 1661 485 1701 V.
513 1660 757 1713 Xenophon
785 1660 895 1700 Heu.
917 1659 975 1708 V,
999 1665 1045 1706 2,
1065 1660 1107 1702 4.
1146 1666 1187 1699 et
1214 1659 1382 1699 Pausan.
1399 1657 1529 1708 VIII,
1554 1666 1605 1708 8,
1628 1663 1667 1702 5.
1688 1683 1697 1701 ι
1722 1655 1784 1698 Cf.
1809 1656 2042 1699 Leakius
2072 1653 2117 1694 in
2134 1653 2271 1696 Descr.

430 1731 594 1771 Moreae
621 1729 717 1771 T.1.
743 1744 784 1783 p.
801 1735 890 1773 103.
916 1729 1083 1768 Lateres
1104 1736 1240 1767 coctos
1262 1742 1345 1767 non
1368 1726 1508 1776 fuisse,
1536 1729 1604 1767 sed
1632 1734 1724 1767 ae‘re
1750 1736 1791 1767 et
1820 1729 1908 1766 sole
1935 1726 2106 1765 siccatos
2130 1721 2283 1778 (ὠμὴν.

425 1801 638 1850 πλίνθον,
675 1797 941 1852 lufttrockne
967 1797 1268 1849 Lehmsteine)
1306 1798 1424 1838 docet
1459 1799 1686 1838 Pausanias.
1763 1797 1853 1838 Hos
1885 1795 2129 1850 Xenophon
2172 1793 2272 1833 dicit

426 1870 641 1915 πλίνθους
675 1872 869 1921 γηΐνους,
914 1866 1045 1907 Anah.
1070 1865 1179 1916 VII,
1206 1873 1255 1916 8,
1285 1872 1371 1917 14„
1411 1869 1508 1908 illos
1544 1869 1756 1915 πλίνθους
1790 1865 2014 1922 κεραμίοις,
2048 1863 2179 1932 Anah.
2195 1863 2271 1912 111,

346 1946 348 1949 ’
426 1943 473 1987 4,
501 1945 560 1986 7.,
602 1940 669 1977 vel
697 1933 833 1983 ὀπτάς
858 1936 919 1985 II,
944 1940 995 1985 4,
1022 1943 1086 1982 12.
1140 1937 1219 1978 Sed
1250 1939 1487 1993 plerumque
1524 1938 1705 1980 πλίνθοι
1745 1936 1951 1976 habendae
1978 1943 2073 1976 sunt
2106 1949 2181 1989 pro
2209 1937 2273 1974 la-

426 2010 582 2048 teribus
610 2022 694 2047 non
721 2007 870 2055 coctis,
910 2014 953 2046 ut
979 2007 1151 2051 Memor.
1180 2008 1292 2049 Soet.
1312 2008 1397 2056 111,
1427 2017 1470 2056 1,
1500 2015 1563 2052 7.:
1591 2003 1763 2049 ἐπειδᾶν
1788 2007 1934 2062 ταχθῇ
1960 2001 2071 2048 κάτω
2095 2001 2180 2059 μὲν
2206 2007 2274 2048 καὶ

426 2078 637 2130 ἐπιπολῆς
675 2072 728 2118 τοὶ
756 2072 866 2129 μήτε
899 2073 1120 2131 σηπόμενα
1159 2077 1269 2131 μήτε
1294 2073 1529 2131 τηκόμενα,
1560 2082 1609 2119 οἴ
1629 2092 1675 2119 τε
1700 2076 1818 2119 λίθοι
1841 2077 1912 2118 καὶ
1941 2072 1965 2118 o‘
1991 2076 2190 2129 κέραμος,
2229 2077 2275 2117 ἐν

427 2147 540 2200 μέσᾳ
566 2146 611 2189 δὲ
638 2151 690 2188 αἴ
725 2161 772 2189 τε
796 2147 974 2192 πλίνθοι
1000 2148 1069 2191 καὶ
1095 2143 1150 2190 τὰ
1177 2143 1299 2198 ξύλα,
1339 2145 1475 2202 ὥςπερ
1498 2151 1544 2191 ἐν
1570 2145 1790 2202 οἰκοδομίᾳ
1814 2145 2087 2195 &vni-'srvat
2112 2161 2152 2187 x.
2180 2160 2218 2186 τ.
2243 2150 2276 2186 ε”.

427 2216 618 2258 Lateritii
670 2224 786 2257 erant
825 2218 950 2257 etiam
993 2219 1124 2267 muri,
1171 2220 1315 2272 quibus
1354 2218 1646 2272 Peloponnesii
1684 2217 1863 2256 Plataeas
1909 2215 2275 2256 circumduxerunt.

426 2286 587 2327 Horum
627 2286 825 2336 altitudo,
864 2287 1105 2339 Thucydide
1132 2295 1235 2329 teste
1263 2288 1345 2338 111,
1370 2296 1447 2335 20,
1493 2302 1517 2329 e
1552 2301 1720 2328 numero
1765 2286 1955 2327 ordinum
1996 2298 2029 2324 s.
2070 2284 2275 2325 coriorum

425 2356 713 2410 (ἐπιβολῶν),
745 2357 816 2397 nbi
843 2359 959 2398 nullo
987 2359 1159 2398 tectorio
1199 2359 1355 2399 inducti
1390 2367 1524 2406 erant,
1567 2358 1794 2412 computari
1820 2363 2003 2412 poterat:
2010 2351 2149 2395 unde
2174 2369 2276 2409 pro-

428 2427 618 2467 habiliter
643 2428 789 2479 colligi
815 2435 916 2481 puto
943 2442 965 2468 a
991 2427 1411 2478 Bloomsieldio‚
1450 2436 1603 2469 eertum
1644 2430 1814 2502 laterum
1853 2426 1959 2481 apud
1986 2423 2161 2465 Graecos
2189 2431 2276 2464 tum

430 2495 559 2538 fuisse
585 2497 809 2538 modulum

333 2566 408 2616 39)
436 2565 605 2608 Pausan.
634 2567 763 2618 VIII,
786 2575 834 2618 8,
859 2572 902 2613 5.

330 2639 405 2688 40)
428 2637 494 2677 V.
521 2638 746 2681 Aeschines
780 2642 826 2680 in
849 2639 1034 2694 ctesiph.
1071 2639 1109 2692 S.
1124 2645 1220 2686 236.
1259 2639 1329 2694 (ex
1356 2654 1435 2694 quo
1471 2598 1739 2690 intelligitur,
1773 2638 1896 2680 etiam
1925 2637 2102 2686 vallum,
2127 2631 2279 2692 (χαρά-

431 2707 574 2762 κωμα)
612 2722 705 2748 enm
732 2707 859 2749 fossis
895 2707 1024 2749 fuisse
1052 2711 1333 2762 coniunctum)
1374 2719 1415 2751 et
1441 2710 1657 2751 Demosth.
1685 2710 1736 2749 de
1774 2720 1923 2748 corona
1951 2720 1993 2762 p.
2015 2710 2110 2755 325.
2218 2704 2279 2743 De

431 2777 684 2819 Plataearum
710 2779 927 2821 obsidione
961 2779 1149 2833 Thucyd.
1171 2779 1235 2830 11,
1265 2788 1331 2827 78.
1358 2780 1520 2839 ταφρος
1548 2781 1594 2825 δὲ
1620 2775 1739 2827 ἐντὸς
1763 2773 1818 2834 ἦν
1843 2778 1915 2822 καὶ
1943 2781 2120 2827 ἔξωθεν,
2155 2778 2195 2824 ἐξ
2231 2767 2281 2827 ἧς

435 2844 643 2890 tuamen}
648 2863 801 2926 ‹tutave-s

1893 2919 1923 2929 x
