2509 3028
185 31 200 104 .,
250 61 351 121 ,ΠΕ
396 59 733 102 MUNIMENTIS
772 58 1121 101 ATHENARUM
1156 58 1534 113 QUAESTIONES
1575 39 1924 107 msTofflcAE,
1967 58 2083 99 E'rc.
2200 66 2250 103 75

427 188 519 229 124
549 185 595 221 et
628 182 733 228 126.
817 175 932 245 (Jum
974 163 1097 236 oys'v'v,
1122 160 1358 236 baffia&
1378 162 1515 234 effi?
1534 164 1699 236 ᾖξῖὠνός
1729 173 1851 235 (nam
1884 176 1996 219 haec
2025 177 2073 218 in
2105 190 2245 219 unum

276 271 445 320 nomen
494 256 706 314 coniungi
749 264 1001 314 nequeunt,
1050 264 1096 300 et
1128 257 1313 300 Chionis
1340 270 1506 299 nomen
1538 257 1661 313 apud
1695 254 1987 298 Athenienses
2019 258 2124 298 satis
2157 271 2243 298 no—

279 346 375 381 tum
422 334 508 396 est)
551 338 663 379 duos
702 334 908 378 homines
948 336 1020 378 hic
1061 320 1308 395 appellatos
1354 349 1447 378 esse
1486 335 1709 379 indicent:
1765 333 1955 377 alterum
1987 342 2098 392 puto
2132 349 2245 377 con-

279 417 510 459 ductorem
564 414 754 457 alterum
810 414 1115 457 fideiussorem·
1165 413 1312 457 fuisse.
1403 414 1892 463 ΚΟΡΥΔΑΛΕΤΣ
1940 413 2042 456 Pitt.
2096 415 2242 456 minus

276 500 413 537 recte.

419 570 461 615 S·
485 557 550 614 Π
568 588 607 616 v
635 568 742 648 120·
773 580 878 621 121
907 568 1019 619 doro*
1057 574 1168 626 τοῦ
1159 558 1569 638 &ancxia-uaros
1609 553 1725 636 [toi]
1752 542 2071 638 Πειρᾴιὲως]
2105 570 2245 614 Haec

277 651 426 694 addidi
464 638 559 694 t‘um
591 625 782 710 pro'pter
798 653 956 694 “locuni
987 650 1204 707 vacuum,
1242 651 1336 694 tum
1364 645 1492 710 quod
1514 649 1638 693 ordo
1657 643 2012 694 distributionis'
2015 635 2240 709 postulare

277 730 475 783 videtur,
517 738 566 773 ut
608 732 734 787 prior
774 732 977 774 australis
1022 734 1138 782 muri
1175 733 1324 789 portio
1355 746 1381 773 a
1411 731 1596 773 Piraeeo
1628 731 1821 787 incipiat.
1872 731 2036 783 Etiam
2067 732 2239 777 Piraeei

278 809 606 851 munimentum
650 825 829 852 muium
865 810 1060 853 habebat
1094 811 1380 853 interiectum
1418 809 1537 849 inter
1567 807 1721 866 longos
1755 823 1931 862 murm,
1966 813 2039 867 qui
2071 804 2239 856 <Sam-cl..

277 903 429 943 χισμα
465 890 549 929 dici
578 896 767 945 poterat.
811 892 894 936 τοῦ
923 892 972 934 ὲν
1005 890 1225 951 Φαληροῖ
1255 889 1455 932 voluerat
1488 888 1716 931 Franzius.

419 976 520 1016 122.
562 966 704 1029 μέχρι
742 971 828 1015 τοῦ
871 970 1097 1030 Κηφισοῦ.
1161 967 1250 1010 Hic
1291 967 1454 1011 fluvius
1492 966 1647 1024 longos
1690 982 1842 1011 muros
1883 969 2156 1024 intersecat,
2193 976 2237 1013 et

273 1046 337 1087 ita
378 1046 556 1102 quidem
610 1053 659 1087 ut
705 1047 752 1087 in
794 1046 908 1091 ,duas
953 1046 1158 1104 aequales
1190 1045 1287 1088 fere
1318 1052 1471 1102 partes
1499 1045 1778 1098 dividantur,
1823 1047 1948 1088 cuius
1981 1046 2046 1088 rei
2077 1040 2235 1089 testem

273 1123 419 1165 habeo
469 1122 524 1166 V.
568 1123 632 1165 Cl.
686 1125 907 1166 Leakium
951 1126 1090 1169 etiam
1137 1138 1218 1181 per
1258 1124 1405 1165 literas
1452 1139 1478 1165 a
1519 1139 1590 1166 me
1633 1126 1688 1165 de
1726 1139 1780 1166 eo
1812 1124 1941 1168 titulo
1968 1111 2235 1171 coneultum.

271 1202 488 1245 Posthaec
521 1204 641 1264 quod
674 1203 795 1245 nulla
828 1205 1027 1261 sequitur
1056 1204 1445 1261 neque-pecuniae
1472 1203 1774 1245 conducticiae
1801 1218 1947 1261 neque
1980 1204 2233 1263 conducto-

273 1282 335 1324 ris
366 1284 562 1336 mentio,
603 1283 706 1325 inde
752 1283 937 1340 colligo,
989 1284 1192 1340 quintam
1231 1296 1332 1324 cum
1368 1290 1491 1323 sexta
1533 1284 1744 1339 portione
1778 1284 1921 1325 eidem
1954 1280 2126 1328 homini
2160 1286 2233 1328 10-

272 1366 417 1403 catam
455 1375 560 1403 esse.

415 1448 520 1488 123-
560 1434 720 1496 Ἐκτη
757 1436 880 1502 μερὶς
916 1436 1011 1487 cin&
1051 1441 1137 1487 τοῦ
1178 1442 1405 1501 Κηφισοῦ.
1483 1440 1564 1481 Est
1602 1455 1705 1497 pars
1739 1444 1819 1488 τοῦ
1852 1439 1999 1489 νοτίου
2037 1441 2233 1500 τείχους,

272 1518 348 1558 sed
380 1518 513 1560 huius
544 1533 709 1561 nomen
736 1534 825 1561 non
860 1521 1039 1561 additur
1071 1520 1154 1561 nisi
1187 1520 1232 1560 in
1267 1533 1319 1560 ea
1351 1520 1582 1575 portione,
1625 1535 1737 1576 quae
1769 1523 1913 1577 prima
1947 1522 2029 1564 sub
2059 1524 2103 1564 id
2137 1538 2230 1565 no·-

272 1609 375 1637 men
406 1596 574 1639 cecidit.
